%% This BibTeX bibliography file was created using BibDesk.
%% https://bibdesk.sourceforge.io/

%% Created for Pablo Martínez Agulló at 2023-04-16 00:22:33 +0200 


%% Saved with string encoding Unicode (UTF-8) 
@online{TauRecommendations,
      author         = "{ATLAS Collaboration}",
      title          = "{Tau Recommendations for Release 21}",
      year           = "2021",
      url            = "https://twiki.cern.ch/twiki/bin/viewauth/AtlasProtected/TauRecommendationsR21"
}

@online{egammaRecommendations,
      author         = "{ATLAS Collaboration}",
      title          = "{Electron Efficiencies for Run 2 (scale factors and uncertainties)}",
      year           = "2021",
      url            = "https://twiki.cern.ch/twiki/bin/view/AtlasProtected/ElectronEfficiencyRun2"
}

@online{MCPRecommendations,
      author         = "{ATLAS Collaboration}",
      title          = "{MCP Analysis Guidelines for MC16}",
      year           = "2021",
      url            = "https://twiki.cern.ch/twiki/bin/view/AtlasProtected/MCPAnalysisGuidelinesMC16"
}

@online{twiki-ECIDS,
     author = "{ATLAS Collaboration}",
     title  = "{Electron Charge ID Selector Tool}",
     url    = "https://twiki.cern.ch/twiki/bin/view/AtlasProtected/ElectronChargeFlipTaggerTool",
     year   = 2022
}

@online{twiki-elAmbiguity,
     author = "{ATLAS Collaboration}",
     title  = "{EGamma ambiguity tool in analysis}",
     url    = "https://twiki.cern.ch/twiki/bin/view/AtlasProtected/EGammaIdentificationRun2#Using_the_Ambiguity_tool_in_anal",
     year   = 2022
}

@online{twiki-MuonSelection,
     author = "{ATLAS Collaboration}",
     title  = "{Muon Selection Tool in Rel. 21}",
     url    = "https://twiki.cern.ch/twiki/bin/view/Atlas/MuonSelectionToolR21",
     year   = 2022
}


@online{twiki-IFF,
     author = "{ATLAS Collaboration}",
     title  = "{ATLAS Isolation and Fake Forum}",
     url    = "https://twiki.cern.ch/twiki/bin/view/AtlasProtected/IsolationFakeForum",
     year   = 2022
}

@online{PLIV,
      author         = "{ATLAS Collaboration}",
      title          = "{Definition of Prompt Lepton Improved Veto}",
      year           = "2022",
      url            = "https://twiki.cern.ch/twiki/bin/view/AtlasProtected/PLImprovedWPs"
}

@online{twiki-ElectronTruth,
     author  = "{ATLAS Collaboration}",
     title   = "{Egamma CP: Background Electron Classification}",
     url     = "https://twiki.cern.ch/twiki/bin/view/AtlasProtected/EGammaTruthRun2#Background_Electron_Classificati",
     year    = 2022
}

@online{twiki-MuonTruth,
     author = "{ATLAS Collaboration}",
     title  = "{Muon Truth Information for Run 2}",
     url    = "https://twiki.cern.ch/twiki/bin/view/AtlasProtected/MuonTruthRun2",
     year   = 2022
}

@online{twiki-ISOWP,
     author = "{ATLAS Collaboration}",
     title  = "{Recommended Lepton Isolation Working Points}",
     url    = "https://twiki.cern.ch/twiki/bin/view/AtlasProtected/RecommendedIsolationWPs",
     year   = 2022
}
@online{JVT,
     author          = "{ATLAS Collaboration}",
     title           = "{Jet Vertex Tagger for Run 2 in reco and analysis}",
     url             = "https://twiki.cern.ch/twiki/bin/view/AtlasProtected/JetVertexTaggerTool",
     year            = 2021
}

@online{JVT-WP,
     author          = "{ATLAS Collaboration}",
     title           = "{Pileup jet recommendations}",
     url             = "https://twiki.cern.ch/twiki/bin/view/AtlasProtected/PileupJetRecommendations",
     year            = 2021
}

@online{OR,
     author          = "{ATLAS Collaboration}",
     title           = "{AnalysisTop Overlap Removal}",
     url             = "https://twiki.cern.ch/twiki/bin/view/AtlasProtected/TopRecoObjTwikiModel#Overlap_Removal",
     year            = 2021
}



@article{Englert:1964et,
	author = {Englert, F. and Brout, R.},
	doi = {10.1103/PhysRevLett.13.321},
	editor = {Taylor, J. C.},
	journal = {Phys. Rev. Lett.},
	pages = {321--323},
	title = {{Broken Symmetry and the Mass of Gauge Vector Mesons}},
	volume = {13},
	year = {1964},
	Bdsk-Url-1 = {https://doi.org/10.1103/PhysRevLett.13.321}}

@article{ATLAS:2017kyn,
	archiveprefix = {arXiv},
	author = {Aaboud, M. and others},
	collaboration = {ATLAS},
	doi = {10.1140/epjc/s10052-017-5225-7},
	eprint = {1704.07983},
	journal = {Eur. Phys. J. C},
	number = {10},
	pages = {673},
	primaryclass = {hep-ex},
	reportnumber = {CERN-EP-2017-045},
	title = {{Performance of the ATLAS Track Reconstruction Algorithms in Dense Environments in LHC Run 2}},
	volume = {77},
	year = {2017},
	Bdsk-Url-1 = {https://doi.org/10.1140/epjc/s10052-017-5225-7}}

@article{Bahr:2008pv,
	archiveprefix = {arXiv},
	author = {Bahr, M. and others},
	doi = {10.1140/epjc/s10052-008-0798-9},
	eprint = {0803.0883},
	journal = {Eur. Phys. J. C},
	pages = {639--707},
	primaryclass = {hep-ph},
	reportnumber = {CERN-PH-TH-2008-038, CAVENDISH-HEP-08-03, KA-TP-05-2008, DCPT-08-22, IPPP-08-11, CP3-08-05},
	title = {{Herwig++ Physics and Manual}},
	volume = {58},
	year = {2008},
	Bdsk-Url-1 = {https://doi.org/10.1140/epjc/s10052-008-0798-9}}

@Booklet{ATL-PHYS-PUB-2014-021,
    author         = "{ATLAS Collaboration}",
    title          = "{ATLAS Pythia~8 tunes to \(7~\text{TeV}\) data}",
    howpublished   = "{ATL-PHYS-PUB-2014-021}",
    url            = "https://cds.cern.ch/record/1966419",
    year           = "2014",
}


@article{Sjostrand:2014zea,
	archiveprefix = {arXiv},
	author = {Sj\"ostrand, Torbj\"orn and Ask, Stefan and Christiansen, Jesper R. and Corke, Richard and Desai, Nishita and Ilten, Philip and Mrenna, Stephen and Prestel, Stefan and Rasmussen, Christine O. and Skands, Peter Z.},
	doi = {10.1016/j.cpc.2015.01.024},
	eprint = {1410.3012},
	journal = {Comput. Phys. Commun.},
	pages = {159--177},
	primaryclass = {hep-ph},
	reportnumber = {LU-TP-14-36, MCNET-14-22, CERN-PH-TH-2014-190, FERMILAB-PUB-14-316-CD, DESY-14-178, SLAC-PUB-16122},
	title = {{An introduction to PYTHIA 8.2}},
	volume = {191},
	year = {2015},
	Bdsk-Url-1 = {https://doi.org/10.1016/j.cpc.2015.01.024}}

@article{Cowan:2010js,
	archiveprefix = {arXiv},
	author = {Cowan, Glen and Cranmer, Kyle and Gross, Eilam and Vitells, Ofer},
	doi = {10.1140/epjc/s10052-011-1554-0},
	eprint = {1007.1727},
	journal = {Eur. Phys. J. C},
	note = {[Erratum: Eur.Phys.J.C 73, 2501 (2013)]},
	pages = {1554},
	primaryclass = {physics.data-an},
	title = {{Asymptotic formulae for likelihood-based tests of new physics}},
	volume = {71},
	year = {2011},
	Bdsk-Url-1 = {https://doi.org/10.1140/epjc/s10052-011-1554-0}}

@article{CMS:2022xey,
	collaboration = {CMS},
	reportnumber = {CMS-PAS-TOP-21-010},
	title = {{Measurement of inclusive and differential cross sections for single top quark production in association with a W boson at $\sqrt{s}=13~\mathrm{TeV}$}},
	year = {2022}}

@article{ATLAS:2016ofl,
	archiveprefix = {arXiv},
	author = {Aaboud, Morad and others},
	collaboration = {ATLAS},
	doi = {10.1007/JHEP01(2018)063},
	eprint = {1612.07231},
	journal = {JHEP},
	pages = {063},
	primaryclass = {hep-ex},
	reportnumber = {CERN-EP-2016-238},
	title = {{Measurement of the cross-section for producing a W boson in association with a single top quark in pp collisions at $ \sqrt{s}=13 $ TeV with ATLAS}},
	volume = {01},
	year = {2018},
	Bdsk-Url-1 = {https://doi.org/10.1007/JHEP01(2018)063}}

@article{ATLAS:2021kqb,
	archiveprefix = {arXiv},
	author = {Aad, Georges and others},
	collaboration = {ATLAS},
	doi = {10.1007/JHEP11(2021)118},
	eprint = {2106.11683},
	journal = {JHEP},
	pages = {118},
	primaryclass = {hep-ex},
	reportnumber = {CERN-EP-2021-075},
	title = {{Measurement of the t$ \overline{t} $t$ \overline{t} $ production cross section in $pp$ collisions at $ \sqrt{s} $ = 13 TeV with the ATLAS detector}},
	volume = {11},
	year = {2021},
	Bdsk-Url-1 = {https://doi.org/10.1007/JHEP11(2021)118}}

@article{CMS:2019rvj,
	archiveprefix = {arXiv},
	author = {Sirunyan, Albert M and others},
	collaboration = {CMS},
	doi = {10.1140/epjc/s10052-019-7593-7},
	eprint = {1908.06463},
	journal = {Eur. Phys. J. C},
	number = {2},
	pages = {75},
	primaryclass = {hep-ex},
	reportnumber = {CMS-TOP-18-003, CERN-EP-2019-163},
	title = {{Search for production of four top quarks in final states with same-sign or multiple leptons in proton-proton collisions at $\sqrt{s}=$ 13 TeV}},
	volume = {80},
	year = {2020},
	Bdsk-Url-1 = {https://doi.org/10.1140/epjc/s10052-019-7593-7}}

@article{ATLAS:2020hpj,
	archiveprefix = {arXiv},
	author = {Aad, Georges and others},
	collaboration = {ATLAS},
	doi = {10.1140/epjc/s10052-020-08509-3},
	eprint = {2007.14858},
	journal = {Eur. Phys. J. C},
	number = {11},
	pages = {1085},
	primaryclass = {hep-ex},
	reportnumber = {CERN-EP-2020-111},
	title = {{Evidence for $t\bar{t}t\bar{t}$ production in the multilepton final state in proton\textendash{}proton collisions at $\sqrt{s}=13$ $\text {TeV}$ with the ATLAS detector}},
	volume = {80},
	year = {2020},
	Bdsk-Url-1 = {https://doi.org/10.1140/epjc/s10052-020-08509-3}}

@article{Cranshaw:2016keq,
    author = "Cranshaw, Jack",
    collaboration = "ATLAS",
    title = "{Early experience with the Run 2 ATLAS analysis model}",
    reportNumber = "ATL-SOFT-PROC-2016-007",
    doi = "10.22323/1.282.0170",
    journal = "PoS",
    volume = "ICHEP2016",
    pages = "170",
    year = "2016"
}

@article{Brun:1997pa,
    author = "Brun, R. and Rademakers, F.",
    editor = "Werlen, M. and Perret-Gallix, D.",
    title = "{ROOT: An object oriented data analysis framework}",
    doi = "10.1016/S0168-9002(97)00048-X",
    journal = "Nucl. Instrum. Meth. A",
    volume = "389",
    pages = "81--86",
    year = "1997"
}
@online{TOPQ,
      author         = "{ATLAS Collaboration}",
      title          = "{TOPQ derivations twiki}",
      year           = "2021",
      url            = "https://twiki.cern.ch/twiki/bin/view/AtlasProtected/TopDerivations"
}

@online{SgTopRun2NtuplesContents,
      author         = "{ATLAS Collaboration}",
      title          = "{SgTop ntuples contents twiki}",
      year           = "2019",
      url            = "https://twiki.cern.ch/twiki/bin/view/AtlasProtected/SgTopRun2NtuplesContents"
}

@article{ATLAS:2020auj,
    author = "Aad, Georges and others",
    collaboration = "ATLAS",
    title = "{Muon reconstruction and identification efficiency in ATLAS using the full Run 2 $pp$ collision data set at $\sqrt{s}=13$ TeV}",
    eprint = "2012.00578",
    archivePrefix = "arXiv",
    primaryClass = "hep-ex",
    reportNumber = "CERN-EP-2020-199",
    doi = "10.1140/epjc/s10052-021-09233-2",
    journal = "Eur. Phys. J. C",
    volume = "81",
    number = "7",
    pages = "578",
    year = "2021"
}



@article{ILLINGWORTH198887,
	author = {J. Illingworth and J. Kittler},
	doi = {https://doi.org/10.1016/S0734-189X(88)80033-1},
	issn = {0734-189X},
	journal = {Computer Vision, Graphics, and Image Processing},
	number = {1},
	pages = {87-116},
	title = {A survey of the hough transform},
	url = {https://www.sciencedirect.com/science/article/pii/S0734189X88800331},
	volume = {44},
	year = {1988},
	Bdsk-Url-1 = {https://www.sciencedirect.com/science/article/pii/S0734189X88800331},
	Bdsk-Url-2 = {https://doi.org/10.1016/S0734-189X(88)80033-1}}

@article{ATLAS:2012voa,
    collaboration = "ATLAS",
    title = "{Performance of the Reconstruction and Identification of Hadronic Tau Decays in ATLAS with 2011 Data}",
    reportNumber = "ATLAS-CONF-2012-142",
    month = "10",
    year = "2012"
}


@techreport{Leister:1609659,
      author        = "Leister, A",
      title         = "{Tau reconstruction and identification in the ATLAS
                       experiment}",
      institution   = "CERN",
      reportNumber  = "ATL-GEN-PROC-2013-002",
      address       = "Geneva",
      year          = "2013",
      url           = "https://cds.cern.ch/record/1609659",
}

@article{Buckley:2015tjh,
    author = "Buckley, A. and Eifert, T. and Elsing, M. and Gillberg, D. and Koeneke, K. and Krasznahorkay, A. and Moyse, E. and Nowak, M. and Snyder, S. and van Gemmeren, P.",
    title = "{Implementation of the ATLAS Run 2 event data model}",
    reportNumber = "ATL-SOFT-PROC-2015-003",
    doi = "10.1088/1742-6596/664/7/072045",
    journal = "J. Phys. Conf. Ser.",
    volume = "664",
    number = "7",
    pages = "072045",
    year = "2015"
}

@article{ATLAS:2022qak,
	collaboration = {ATLAS},
	reportnumber = {ATLAS-CONF-2022-061},
	title = {{Measurement of lepton kinematic distributions in the $e\mu$ decay channel of $t\bar{t}$ events observed in $pp$ collisions at $\sqrt{s}=13\;$TeV with the ATLAS detector}},
	year = {2022}}

@article{CMS:2021vhb,
	archiveprefix = {arXiv},
	author = {Tumasyan, Armen and others},
	collaboration = {CMS},
	doi = {10.1103/PhysRevD.104.092013},
	eprint = {2108.02803},
	journal = {Phys. Rev. D},
	number = {9},
	pages = {092013},
	primaryclass = {hep-ex},
	reportnumber = {CMS-TOP-20-001, CERN-EP-2021-135},
	title = {{Measurement of differential $t \bar t$ production cross sections in the full kinematic range using lepton+jets events from proton-proton collisions at $\sqrt {s}$ = 13\,\,TeV}},
	volume = {104},
	year = {2021},
	Bdsk-Url-1 = {https://doi.org/10.1103/PhysRevD.104.092013}}

@article{ATLAS:2019fwo,
	archiveprefix = {arXiv},
	author = {Aaboud, Morad and others},
	collaboration = {ATLAS},
	doi = {10.1103/PhysRevD.99.072009},
	eprint = {1901.03584},
	journal = {Phys. Rev. D},
	number = {7},
	pages = {072009},
	primaryclass = {hep-ex},
	reportnumber = {CERN-EP-2018-331},
	title = {{Measurement of the $t\bar{t}Z$ and $t\bar{t}W$ cross sections in proton-proton collisions at $\sqrt{s}=13$ TeV with the ATLAS detector}},
	volume = {99},
	year = {2019},
	Bdsk-Url-1 = {https://doi.org/10.1103/PhysRevD.99.072009}}

@article{Frederix:2021agh,
	archiveprefix = {arXiv},
	author = {Frederix, Rikkert and Tsinikos, Ioannis},
	doi = {10.1007/JHEP11(2021)029},
	eprint = {2108.07826},
	journal = {JHEP},
	pages = {029},
	primaryclass = {hep-ph},
	reportnumber = {LU-TP 21-34},
	title = {{On improving NLO merging for $ \mathrm{t}\overline{\mathrm{t}}\mathrm{W} $ production}},
	volume = {11},
	year = {2021},
	Bdsk-Url-1 = {https://doi.org/10.1007/JHEP11(2021)029}}

@article{ATLAS:2018fwq,
	archiveprefix = {arXiv},
	author = {Aaboud, Morad and others},
	collaboration = {ATLAS},
	doi = {10.1140/epjc/s10052-019-6757-9},
	eprint = {1810.01772},
	journal = {Eur. Phys. J. C},
	number = {4},
	pages = {290},
	primaryclass = {hep-ex},
	reportnumber = {CERN-EP-2018-238},
	title = {{Measurement of the top quark mass in the $t\bar{t}\rightarrow $ lepton+jets channel from $\sqrt{s}=8$ TeV ATLAS data and combination with previous results}},
	volume = {79},
	year = {2019},
	Bdsk-Url-1 = {https://doi.org/10.1140/epjc/s10052-019-6757-9}}

@article{ATLAS:2020yrp,
	archiveprefix = {arXiv},
	author = {Aad, Georges and others},
	collaboration = {ATLAS},
	doi = {10.1007/JHEP09(2020)049},
	eprint = {2007.06946},
	journal = {JHEP},
	pages = {049},
	primaryclass = {hep-ex},
	reportnumber = {CERN-EP-2020-100},
	title = {{Measurements of inclusive and differential cross-sections of combined $ t\overline{t}\gamma $ and $tW\gamma$ production in the e$\mu$ channel at 13 TeV with the ATLAS detector}},
	volume = {09},
	year = {2020},
	Bdsk-Url-1 = {https://doi.org/10.1007/JHEP09(2020)049}}

@article{ATLAS:2021fzm,
	archiveprefix = {arXiv},
	author = {Aad, Georges and others},
	collaboration = {ATLAS},
	doi = {10.1140/epjc/s10052-021-09439-4},
	eprint = {2103.12603},
	journal = {Eur. Phys. J. C},
	number = {8},
	pages = {737},
	primaryclass = {hep-ex},
	reportnumber = {CERN-EP-2021-01},
	title = {{Measurements of the inclusive and differential production cross sections of a top-quark\textendash{}antiquark pair in association with a Z~boson at $\sqrt{s} = 13$~TeV with the ATLAS detector}},
	volume = {81},
	year = {2021},
	Bdsk-Url-1 = {https://doi.org/10.1140/epjc/s10052-021-09439-4}}

@article{Kulesza:2020nfh,
	archiveprefix = {arXiv},
	author = {Kulesza, Anna and Motyka, Leszek and Schwartl\"ander, Daniel and Stebel, Tomasz and Theeuwes, Vincent},
	doi = {10.1140/epjc/s10052-020-7987-6},
	eprint = {2001.03031},
	journal = {Eur. Phys. J. C},
	number = {5},
	pages = {428},
	primaryclass = {hep-ph},
	reportnumber = {MS-TP-20-01},
	title = {{Associated top quark pair production with a heavy boson: differential cross sections at NLO+NNLL accuracy}},
	volume = {80},
	year = {2020},
	Bdsk-Url-1 = {https://doi.org/10.1140/epjc/s10052-020-7987-6}}

@phdthesis{Cremonesi:2014dma,
	author = {Cremonesi, Matteo},
	doi = {10.2172/1182550},
	reportnumber = {FERMILAB-THESIS-2014-34},
	school = {Oxford U., Chicago U.},
	title = {{Observation of s-Channel Single Top Quark Production at the Tevatron}},
	year = {2014},
	Bdsk-Url-1 = {https://doi.org/10.2172/1182550}}

@article{ATLAS:2017bcq,
    collaboration = "ATLAS",
    title = "{Optimisation and performance studies of the ATLAS $b$-tagging algorithms for the 2017-18 LHC run}",
    reportNumber = "ATL-PHYS-PUB-2017-013",
    month = "7",
    year = "2017"
}

@article{ATLAS:2017gpy,
    collaboration = "ATLAS",
    title = "{Identification of Jets Containing $b$-Hadrons with Recurrent Neural Networks at the ATLAS Experiment}",
    reportNumber = "ATL-PHYS-PUB-2017-003",
    month = "3",
    year = "2017"
}


@article{ATLAS:2018nnq,
    collaboration = "ATLAS",
    title = "{Topological $b$-hadron decay reconstruction and identification of $b$-jets with the JetFitter package in the ATLAS experiment at the LHC}",
    reportNumber = "ATL-PHYS-PUB-2018-025",
    year = "2018"
}

@article{ATLAS:2017kle,
    collaboration = "ATLAS",
    title = "{Secondary vertex finding for jet flavour identification with the ATLAS detector}",
    reportNumber = "ATL-PHYS-PUB-2017-011",
    month = "6",
    year = "2017"
}

@article{Workman:2022ynf,
	author = {Workman, R. L. and Others},
	collaboration = {Particle Data Group},
	doi = {10.1093/ptep/ptac097},
	journal = {PTEP},
	pages = {083C01},
	title = {{Review of Particle Physics}},
	volume = {2022},
	year = {2022},
	Bdsk-Url-1 = {https://doi.org/10.1093/ptep/ptac097}}

@article{ATLAS:2022wfk,
	archiveprefix = {arXiv},
	collaboration = {ATLAS},
	eprint = {2209.08990},
	month = {9},
	primaryclass = {hep-ex},
	reportnumber = {CERN-EP-2022-116},
	title = {{Measurement of single top-quark production in the s-channel in proton$-$proton collisions at $\mathrm{\sqrt{s}=13}$ TeV with the ATLAS detector}},
	year = {2022}}

@article{ATLAS:2019bwq,
    author = "Aad, Georges and others",
    collaboration = "ATLAS",
    title = "{ATLAS b-jet identification performance and efficiency measurement with $t{\bar{t}}$ events in pp collisions at $\sqrt{s}=13$ TeV}",
    eprint = "1907.05120",
    archivePrefix = "arXiv",
    primaryClass = "hep-ex",
    reportNumber = "CERN-EP-2019-132",
    doi = "10.1140/epjc/s10052-019-7450-8",
    journal = "Eur. Phys. J. C",
    volume = "79",
    number = "11",
    pages = "970",
    year = "2019"
}

@article{ATLAS:2022qxm,
    collaboration = "ATLAS",
    title = "{ATLAS flavour-tagging algorithms for the LHC Run 2 $pp$ collision dataset}",
    eprint = "2211.16345",
    archivePrefix = "arXiv",
    primaryClass = "physics.data-an",
    reportNumber = "CERN-EP-2022-226",
    month = "11",
    year = "2022"
}

@article{ATLAS:2018txj,
    author = "Aaboud, Morad and others",
    collaboration = "ATLAS",
    title = "{Performance of missing transverse momentum reconstruction with the ATLAS detector using proton-proton collisions at $\sqrt{s}$ = 13 TeV}",
    eprint = "1802.08168",
    archivePrefix = "arXiv",
    primaryClass = "hep-ex",
    reportNumber = "CERN-EP-2017-274",
    doi = "10.1140/epjc/s10052-018-6288-9",
    journal = "Eur. Phys. J. C",
    volume = "78",
    number = "11",
    pages = "903",
    year = "2018"
}
@article{ATLAS:2018ghb,
    collaboration = "ATLAS",
    title = "{$E_{\text{T}}^{\text{miss}}$ performance in the ATLAS detector using 2015-2016 LHC $pp$ collisions}",
    reportNumber = "ATLAS-CONF-2018-023",
    month = "6",
    year = "2018"
}

@article{Danziger:2021xvr,
    author = {Danziger, Katharina and H\"oche, Stefan and Siegert, Frank},
    title = "{Reducing negative weights in Monte Carlo event generation with Sherpa}",
    eprint = "2110.15211",
    archivePrefix = "arXiv",
    primaryClass = "hep-ph",
    reportNumber = "MCNET-21-30, FERMILAB-PUB-21-536-T",
    month = "10",
    year = "2021"
}

@article{Andersen:2021mvw,
    author = "Andersen, Jeppe R. and Maier, Andreas",
    title = "{Unbiased elimination of negative weights in Monte Carlo samples}",
    eprint = "2109.07851",
    archivePrefix = "arXiv",
    primaryClass = "hep-ph",
    reportNumber = "DCPT/21/54, DESY 21-135, IPPP/21/27, MCNET-21-14, SAGEX-21-29",
    doi = "10.1140/epjc/s10052-022-10372-3",
    journal = "Eur. Phys. J. C",
    volume = "82",
    number = "5",
    pages = "433",
    year = "2022"
}

@article{Ball:2012cx,
      author         = "Ball, Richard D. and others",
      title          = "{Parton distributions with LHC data}",
      journal        = "Nucl. Phys. B",
      volume         = "867",
      year           = "2013",
      pages          = "244",
      doi            = "10.1016/j.nuclphysb.2012.10.003",
      eprint         = "1207.1303",
      archivePrefix  = "arXiv",
      primaryClass   = "hep-ph",
      reportNumber   = "EDINBURGH-2012-08, IFUM-FT-997, FR-PHENO-2012-014,
                        RWTH-TTK-12-25, CERN-PH-TH-2012-037, SFB-CPP-12-47\,
                        --CERN-PH-TH-2012-037",
      SLACcitation   = "%%CITATION = ARXIV:1207.1303;%%"
}

@Booklet{ATL-PHYS-PUB-2016-017,
    author         = "{ATLAS Collaboration}",
    title          = "{The Pythia~8 A3 tune description of ATLAS minimum bias and inelastic measurements incorporating the Donnachie--Landshoff diffractive model}",
    howpublished   = "{ATL-PHYS-PUB-2016-017}",
    url            = "https://cds.cern.ch/record/2206965",
    year           = "2016",
}
@Article{Alwall:2014hca,
      author         = "Alwall, J. and Frederix, R. and Frixione, S. and Hirschi,
                        V. and Maltoni, F. and Mattelaer, O. and Shao, H. -S. and
                        Stelzer, T. and Torrielli, P. and Zaro, M.",
      title          = "{The automated computation of tree-level and
                        next-to-leading order differential cross sections, and
                        their matching to parton shower simulations}",
      journal        = "JHEP",
      volume         = "07",
      year           = "2014",
      pages          = "079",
      doi            = "10.1007/JHEP07(2014)079",
      eprint         = "1405.0301",
      archivePrefix  = "arXiv",
      primaryClass   = "hep-ph",
      reportNumber   = "CERN-PH-TH-2014-064, CP3-14-18, LPN14-066, MCNET-14-09,
                        ZU-TH-14-14",
      SLACcitation   = "%%CITATION = ARXIV:1405.0301;%%"
}

@article{Ball:2014uwa,
      author         = "Ball, Richard D. and others",
      title          = "{Parton distributions for the LHC run II}",
      collaboration  = "NNPDF",
      journal        = "JHEP",
      volume         = "04",
      year           = "2015",
      pages          = "040",
      doi            = "10.1007/JHEP04(2015)040",
      eprint         = "1410.8849",
      archivePrefix  = "arXiv",
      primaryClass   = "hep-ph",
      reportNumber   = "EDINBURGH-2014-15, IFUM-1034-FT, CERN-PH-TH-2013-253,
                        OUTP-14-11P, CAVENDISH-HEP-14-11",
      SLACcitation   = "%%CITATION = ARXIV:1410.8849;%%"
}



@Article{STDM-2015-05,
    author         = "{ATLAS Collaboration}",
    title          = "{Measurement of the Inelastic Proton--Proton Cross Section at \(\sqrt{s} = 13\,\text{TeV}\) with the ATLAS Detector at the LHC}",
    journal        = "Phys. Rev. Lett.",
    volume         = "117",
    year           = "2016",
    pages          = "182002",
    doi            = "10.1103/PhysRevLett.117.182002",
    reportNumber   = "CERN-EP-2016-140",
    eprint         = "1606.02625",
    archivePrefix  = "arXiv",
    primaryClass   = "hep-ex",
}




@Article{Sjostrand:2007gs,
	author    = "Sj{\"o}strand, T. and Mrenna, S. and Skands, P.",
	title     = "{A brief introduction to PYTHIA 8.1}",
	journal   = "Comput. Phys. Commun.",
	volume    = "178",
	year      = "2008",
	pages     = "852-867",
	eprint    = "0710.3820",
	archivePrefix = "arXiv",
	primaryClass  =  "hep-ph",
	doi       = "10.1016/j.cpc.2008.01.036",
	SLACcitation  = "%%CITATION = 0710.3820;%%"
}


@Article{SOFT-2010-01,
    author         = "{ATLAS Collaboration}",
    title          = "{The ATLAS Simulation Infrastructure}",
    journal        = "Eur. Phys. J. C",
    volume         = "70",
    year           = "2010",
    pages          = "823",
    doi            = "10.1140/epjc/s10052-010-1429-9",
    eprint         = "1005.4568",
    archivePrefix  = "arXiv",
    primaryClass   = "physics.ins-det",
}


@article{Fruhwirth:1987fm,
	author = {Fruhwirth, R.},
	doi = {10.1016/0168-9002(87)90887-4},
	journal = {Nucl. Instrum. Meth. A},
	pages = {444--450},
	reportnumber = {HEPHY-PUB-87-503},
	title = {{Application of Kalman filtering to track and vertex fitting}},
	volume = {262},
	year = {1987},
	Bdsk-Url-1 = {https://doi.org/10.1016/0168-9002(87)90887-4}}

@article{Cornelissen:2008zzc,
	author = {Cornelissen, T. and Elsing, M. and Gavrilenko, I. and Liebig, W. and Moyse, E. and Salzburger, A.},
	doi = {10.1088/1742-6596/119/3/032014},
	editor = {Sobie, Randall and Tafirout, Reda and Thomson, Jana},
	journal = {J. Phys. Conf. Ser.},
	pages = {032014},
	title = {{The new ATLAS track reconstruction (NEWT)}},
	volume = {119},
	year = {2008},
	Bdsk-Url-1 = {https://doi.org/10.1088/1742-6596/119/3/032014}}

@article{Mahlon:2010gw,
	archiveprefix = {arXiv},
	author = {Mahlon, Gregory and Parke, Stephen J.},
	doi = {10.1103/PhysRevD.81.074024},
	eprint = {1001.3422},
	journal = {Phys. Rev. D},
	pages = {074024},
	primaryclass = {hep-ph},
	reportnumber = {FERMILAB-PUB-09-662-T},
	title = {{Spin Correlation Effects in Top Quark Pair Production at the LHC}},
	volume = {81},
	year = {2010},
	Bdsk-Url-1 = {https://doi.org/10.1103/PhysRevD.81.074024}}

@article{Demartin:2016axk,
	archiveprefix = {arXiv},
	author = {Demartin, Federico and Maier, Benedikt and Maltoni, Fabio and Mawatari, Kentarou and Zaro, Marco},
	doi = {10.1140/epjc/s10052-017-4601-7},
	eprint = {1607.05862},
	journal = {Eur. Phys. J. C},
	number = {1},
	pages = {34},
	primaryclass = {hep-ph},
	reportnumber = {MCNET-16-30, CP3-16-40, LPSC16158},
	title = {{tWH associated production at the LHC}},
	volume = {77},
	year = {2017},
	Bdsk-Url-1 = {https://doi.org/10.1140/epjc/s10052-017-4601-7}}

@article{ATLAS:2022lsz,
	collaboration = {ATLAS},
	reportnumber = {ATL-PHYS-PUB-2022-050},
	title = {{Top quark mass and properties summary plots November 2022}},
	year = {2022}}

@article{ATLAS:2022uqj,
	collaboration = {ATLAS},
	reportnumber = {ATL-PHYS-PUB-2022-051},
	title = {{Top working group cross-section summary plots, November 2022}},
	year = {2022}}

@article{CMS:2018lgn,
	archiveprefix = {arXiv},
	author = {Sirunyan, Albert M and others},
	collaboration = {CMS},
	doi = {10.1016/j.physletb.2019.135042},
	eprint = {1812.10514},
	journal = {Phys. Lett. B},
	pages = {135042},
	primaryclass = {hep-ex},
	reportnumber = {CMS-TOP-17-011, CERN-EP-2018-321},
	title = {{Measurement of the single top quark and antiquark production cross sections in the $t$ channel and their ratio in proton-proton collisions at $\sqrt{s}=$ 13 TeV}},
	volume = {800},
	year = {2020},
	Bdsk-Url-1 = {https://doi.org/10.1016/j.physletb.2019.135042}}

@article{Higgs:1964pj,
	author = {Higgs, Peter W.},
	doi = {10.1103/PhysRevLett.13.508},
	editor = {Taylor, J. C.},
	journal = {Phys. Rev. Lett.},
	pages = {508--509},
	title = {{Broken Symmetries and the Masses of Gauge Bosons}},
	volume = {13},
	year = {1964},
	Bdsk-Url-1 = {https://doi.org/10.1103/PhysRevLett.13.508}}

@article{Broggio:2016lfj,
	archiveprefix = {arXiv},
	author = {Broggio, Alessandro and Ferroglia, Andrea and Pecjak, Ben D. and Yang, Li Lin},
	doi = {10.1007/JHEP02(2017)126},
	eprint = {1611.00049},
	journal = {JHEP},
	pages = {126},
	primaryclass = {hep-ph},
	reportnumber = {TUM-HEP-1064-16, IPPP-16-101},
	title = {{NNLL resummation for the associated production of a top pair and a Higgs boson at the LHC}},
	volume = {02},
	year = {2017},
	Bdsk-Url-1 = {https://doi.org/10.1007/JHEP02(2017)126}}

@article{Grzadkowski:2010es,
	archiveprefix = {arXiv},
	author = {Grzadkowski, B. and Iskrzynski, M. and Misiak, M. and Rosiek, J.},
	doi = {10.1007/JHEP10(2010)085},
	eprint = {1008.4884},
	journal = {JHEP},
	pages = {085},
	primaryclass = {hep-ph},
	reportnumber = {IFT-9-2010, TTP10-35},
	title = {{Dimension-Six Terms in the Standard Model Lagrangian}},
	volume = {10},
	year = {2010},
	Bdsk-Url-1 = {https://doi.org/10.1007/JHEP10(2010)085}}

@article{ATLAS:2022swp,
	archiveprefix = {arXiv},
	collaboration = {ATLAS},
	eprint = {2211.16178},
	month = {11},
	primaryclass = {hep-ex},
	reportnumber = {CERN-EP-2022-214},
	title = {{Tools for estimating fake/non-prompt lepton backgrounds with the ATLAS detector at the LHC}},
	year = {2022}}

@inproceedings{Pich:2007vu,
	archiveprefix = {arXiv},
	author = {Pich, Antonio},
	booktitle = {{2006 European School of High-Energy Physics}},
	eprint = {0705.4264},
	pages = {1--49},
	primaryclass = {hep-ph},
	reportnumber = {IFIC-07-27, FTUV-07-0529, CERN-2008-004},
	title = {{The Standard model of electroweak interactions}},
	year = {2007}}

@article{Pich:2015lkh,
	archiveprefix = {arXiv},
	author = {Pich, Antonio},
	doi = {10.5506/APhysPolB.47.151},
	editor = {Praszalowicz, Michal},
	eprint = {1512.08749},
	journal = {Acta Phys. Polon. B},
	pages = {151},
	primaryclass = {hep-ph},
	reportnumber = {IFIC-15-92, FTUV-15-1229},
	title = {{Electroweak Symmetry Breaking and the Higgs Boson}},
	volume = {47},
	year = {2016},
	Bdsk-Url-1 = {https://doi.org/10.5506/APhysPolB.47.151}}

@article{ATLAS:2021vhx,
	collaboration = {ATLAS},
	reportnumber = {ATLAS-CONF-2021-027},
	title = {{Measurement of the polarisation of single top quarks and antiquarks produced in the $t$-channel collected with the ATLAS detector at $\sqrt{s}=$ 13 TeV and bounds on the $tWb$ dipole operator}},
	year = {2021}}

@article{Purcell:1473657,
	author = {Andrew Purcell},
	pages = {10},
	reportnumber = {BUL-NA-2012-269, 35/2012},
	title = {{Go on a particle quest at the first CERN webfest. Le premier webfest du CERN se lance {\`a} la conqu{\^e}te des particules}},
	url = {https://cds.cern.ch/record/1473657},
	year = {2012},
	Bdsk-Url-1 = {https://cds.cern.ch/record/1473657}}

@article{ELAGIN2011481,
title = "A new mass reconstruction technique for resonances decaying to di-tau",
journal = "Nuclear Instruments and Methods in Physics Research Section A: Accelerators, Spectrometers, Detectors and Associated Equipment",
volume = "654",
number = "1",
pages = "481 - 489",
year = "2011",
issn = "0168-9002",
doi = "https://doi.org/10.1016/j.nima.2011.07.009",
url = "http://www.sciencedirect.com/science/article/pii/S0168900211014112",
author = "A. Elagin and P. Murat and A. Pranko and A. Safonov",
keywords = "Higgs boson, Tau",
abstract = "Accurate reconstruction of the mass of a resonance decaying to a pair of tau leptons is challenging because of the presence of multiple neutrinos from tau decays. The existing methods rely on either a partially reconstructed mass, which has a broad spectrum that reduces sensitivity, or the collinear approximation, which is applicable only to the relatively small fraction of events. We describe a new technique, which provides an accurate mass reconstruction of the original resonance and does not suffer from the limitations of the collinear approximation. "
}


@article{Connelly:2017wlp,
	author = {Connelly, Ian},
	collaboration = {ATLAS},
	doi = {10.1051/epjconf/201716407025},
	editor = {Bravina, L. and Foka, Y. and Kabana, S.},
	journal = {EPJ Web Conf.},
	pages = {07025},
	reportnumber = {ATL-PHYS-PROC-2016-193},
	title = {{Performance and calibration of b-tagging with the ATLAS experiment at LHC Run-2}},
	volume = {164},
	year = {2017},
	Bdsk-Url-1 = {https://doi.org/10.1051/epjconf/201716407025}}

@inproceedings{Chen_2016,
	author = {Tianqi Chen and Carlos Guestrin},
	booktitle = {Proceedings of the 22nd {ACM} {SIGKDD} International Conference on Knowledge Discovery and Data Mining},
	doi = {10.1145/2939672.2939785},
	month = {aug},
	publisher = {{ACM}},
	title = {{XGBoost}},
	url = {https://doi.org/10.1145%2F2939672.2939785},
	year = 2016,
	Bdsk-Url-1 = {https://doi.org/10.1145%2F2939672.2939785},
	Bdsk-Url-2 = {https://doi.org/10.1145/2939672.2939785}}

@online{LowestUnprescaled,
      author         = "{ATLAS Collaboration}",
      title          = "{Lowest un-prescaled triggers per data-taking period twiki}",
      year           = "2020",
      url            = "https://twiki.cern.ch/twiki/bin/view/Atlas/LowestUnprescaled"
}

@article{Rubin:1970zza,
	author = {Rubin, Vera C. and Ford, Jr., W. Kent},
	doi = {10.1086/150317},
	journal = {Astrophys. J.},
	pages = {379--403},
	title = {{Rotation of the Andromeda Nebula from a Spectroscopic Survey of Emission Regions}},
	volume = {159},
	year = {1970},
	Bdsk-Url-1 = {https://doi.org/10.1086/150317}}

@article{KATRIN:2021uub,
	archiveprefix = {arXiv},
	author = {Aker, M. and others},
	collaboration = {KATRIN},
	doi = {10.1038/s41567-021-01463-1},
	eprint = {2105.08533},
	journal = {Nature Phys.},
	number = {2},
	pages = {160--166},
	primaryclass = {hep-ex},
	title = {{Direct neutrino-mass measurement with sub-electronvolt sensitivity}},
	volume = {18},
	year = {2022},
	Bdsk-Url-1 = {https://doi.org/10.1038/s41567-021-01463-1}}

@phdthesis{Russell:2017cut,
	archiveprefix = {arXiv},
	author = {Russell, Michael},
	eprint = {1709.10508},
	primaryclass = {hep-ph},
	school = {Glasgow U.},
	title = {{Top quark physics in the Large Hadron Collider era}},
	year = {2017}}

@article{ATLAS:2017rcx,
	archiveprefix = {arXiv},
	author = {Aaboud, Morad and others},
	collaboration = {ATLAS},
	doi = {10.1007/JHEP12(2017)017},
	eprint = {1707.05393},
	journal = {JHEP},
	pages = {017},
	primaryclass = {hep-ex},
	reportnumber = {CERN-EP-2017-089},
	title = {{Analysis of the $Wtb$ vertex from the measurement of triple-differential angular decay rates of single top quarks produced in the $t$-channel at $\sqrt{s}$ = 8 TeV with the ATLAS detector}},
	volume = {12},
	year = {2017},
	Bdsk-Url-1 = {https://doi.org/10.1007/JHEP12(2017)017}}

@article{Taylor:1998uk,
	archiveprefix = {arXiv},
	author = {Taylor, A. N. and Dye, S. and Broadhurst, Thomas J. and Benitez, N. and van Kampen, E.},
	doi = {10.1086/305827},
	eprint = {astro-ph/9801158},
	journal = {Astrophys. J.},
	pages = {539},
	title = {{Gravitational lens magnification and the mass of abell 1689}},
	volume = {501},
	year = {1998},
	Bdsk-Url-1 = {https://doi.org/10.1086/305827}}

@article{LaRosa:2016nbd,
	archiveprefix = {arXiv},
	author = {La Rosa, Alessandro},
	doi = {10.1088/1748-0221/11/12/C12036},
	editor = {Gemme, Claudia and Rossi, Leonardo},
	eprint = {1610.01994},
	journal = {JINST},
	number = {12},
	pages = {C12036},
	primaryclass = {physics.ins-det},
	title = {{The ATLAS Insertable B-Layer: from construction to operation}},
	volume = {11},
	year = {2016},
	Bdsk-Url-1 = {https://doi.org/10.1088/1748-0221/11/12/C12036}}

@article{Planck:2015fie,
	archiveprefix = {arXiv},
	author = {Ade, P. A. R. and others},
	collaboration = {Planck},
	doi = {10.1051/0004-6361/201525830},
	eprint = {1502.01589},
	journal = {Astron. Astrophys.},
	pages = {A13},
	primaryclass = {astro-ph.CO},
	title = {{Planck 2015 results. XIII. Cosmological parameters}},
	volume = {594},
	year = {2016},
	Bdsk-Url-1 = {https://doi.org/10.1051/0004-6361/201525830}}

@article{Cacciari:2008gp,
	archiveprefix = {arXiv},
	author = {Cacciari, Matteo and Salam, Gavin P. and Soyez, Gregory},
	doi = {10.1088/1126-6708/2008/04/063},
	eprint = {0802.1189},
	journal = {JHEP},
	pages = {063},
	primaryclass = {hep-ph},
	reportnumber = {LPTHE-07-03},
	title = {{The anti-$k_t$ jet clustering algorithm}},
	volume = {04},
	year = {2008},
	Bdsk-Url-1 = {https://doi.org/10.1088/1126-6708/2008/04/063}}

@article{ATLAS:2014rzk,
    author = "Aad, Georges and others",
    collaboration = "ATLAS",
    title = "{Identification and energy calibration of hadronically decaying tau leptons with the ATLAS experiment in $pp$ collisions at $\sqrt{s}$=8 TeV}",
    eprint = "1412.7086",
    archivePrefix = "arXiv",
    primaryClass = "hep-ex",
    reportNumber = "CERN-PH-EP-2014-227",
    doi = "10.1140/epjc/s10052-015-3500-z",
    journal = "Eur. Phys. J. C",
    volume = "75",
    number = "7",
    pages = "303",
    year = "2015"
}

@article{Belle:2013teo,
    author = "Belous, K. and others",
    collaboration = "Belle",
    title = "{Measurement of the $\tau$-lepton lifetime at Belle}",
    eprint = "1310.8503",
    archivePrefix = "arXiv",
    primaryClass = "hep-ex",
    doi = "10.1103/PhysRevLett.112.031801",
    journal = "Phys. Rev. Lett.",
    volume = "112",
    number = "3",
    pages = "031801",
    year = "2014"
}

@article{Mato:1998gfa,
	author = {Mato, P.},
	month = {11},
	reportnumber = {LHCb-98-064, CERN-LHCb-98-064},
	title = {{GAUDI-Architecture design document}},
	year = {1998}}

@inproceedings{Breiman1984ClassificationAR,
	author = {L. Breiman and Jerome H. Friedman and Richard A. Olshen and C. J. Stone},
	title = {Classification and Regression Trees},
	year = {1984}}

@techreport{CERN-LHCC-2017-020,
	address = {Geneva},
	collaboration = {ATLAS Collaboration},
	institution = {CERN},
	month = {Sep},
	reportnumber = {CERN-LHCC-2017-020, ATLAS-TDR-029},
	title = {{Technical Design Report for the Phase-II Upgrade of the ATLAS TDAQ System}},
	url = {https://cds.cern.ch/record/2285584},
	year = {2017},
	Bdsk-Url-1 = {https://cds.cern.ch/record/2285584}}

@article{Christenson:1964fg,
	author = {Christenson, J. H. and Cronin, J. W. and Fitch, V. L. and Turlay, R.},
	doi = {10.1103/PhysRevLett.13.138},
	journal = {Phys. Rev. Lett.},
	pages = {138--140},
	title = {{Evidence for the $2\pi$ Decay of the $K_2^0$ Meson}},
	volume = {13},
	year = {1964},
	Bdsk-Url-1 = {https://doi.org/10.1103/PhysRevLett.13.138}}

@article{FlavourLatticeAveragingGroup:2019iem,
	archiveprefix = {arXiv},
	author = {Aoki, S. and others},
	collaboration = {Flavour Lattice Averaging Group},
	doi = {10.1140/epjc/s10052-019-7354-7},
	eprint = {1902.08191},
	journal = {Eur. Phys. J. C},
	number = {2},
	pages = {113},
	primaryclass = {hep-lat},
	reportnumber = {FERMILAB-PUB-19-077-T},
	title = {{FLAG Review 2019: Flavour Lattice Averaging Group (FLAG)}},
	volume = {80},
	year = {2020},
	Bdsk-Url-1 = {https://doi.org/10.1140/epjc/s10052-019-7354-7}}

@article{BaBar:2014xzf,
	archiveprefix = {arXiv},
	author = {Lees, J. P. and others},
	collaboration = {BaBar},
	doi = {10.1103/PhysRevD.91.052022},
	eprint = {1412.5502},
	journal = {Phys. Rev. D},
	number = {5},
	pages = {052022},
	primaryclass = {hep-ex},
	reportnumber = {BABAR-PUB-14-014, SLAC-PUB-16172},
	title = {{Measurement of the $D^0 \to \pi^- e^+ \nu_e$ differential decay branching fraction as a function of $q^2$ and study of form factor parameterizations}},
	volume = {91},
	year = {2015},
	Bdsk-Url-1 = {https://doi.org/10.1103/PhysRevD.91.052022}}

@article{CLEO:2009svp,
	archiveprefix = {arXiv},
	author = {Besson, D. and others},
	collaboration = {CLEO},
	doi = {10.1103/PhysRevD.80.032005},
	eprint = {0906.2983},
	journal = {Phys. Rev. D},
	pages = {032005},
	primaryclass = {hep-ex},
	reportnumber = {CLNS-09-2049, CLEO-09-02},
	title = {{Improved measurements of D meson semileptonic decays to pi and K mesons}},
	volume = {80},
	year = {2009},
	Bdsk-Url-1 = {https://doi.org/10.1103/PhysRevD.80.032005}}

@article{PhysRevLett.41.1692,
	author = {Shrock, Robert E. and Wang, Ling-Lie},
	doi = {10.1103/PhysRevLett.41.1692},
	issue = {25},
	journal = {Phys. Rev. Lett.},
	month = {Dec},
	numpages = {0},
	pages = {1692--1695},
	publisher = {American Physical Society},
	title = {New, Generalized Cabibbo Fit and Application to Quark Mixing Angles in the Sequential Weinberg-Salam Model},
	url = {https://link.aps.org/doi/10.1103/PhysRevLett.41.1692},
	volume = {41},
	year = {1978},
	Bdsk-Url-1 = {https://link.aps.org/doi/10.1103/PhysRevLett.41.1692},
	Bdsk-Url-2 = {https://doi.org/10.1103/PhysRevLett.41.1692}}

@article{Cabibbo:2003ea,
	archiveprefix = {arXiv},
	author = {Cabibbo, Nicola and Swallow, Earl C. and Winston, Roland},
	doi = {10.1103/PhysRevLett.92.251803},
	eprint = {hep-ph/0307214},
	journal = {Phys. Rev. Lett.},
	pages = {251803},
	title = {{Semileptonic hyperon decays and CKM unitarity}},
	volume = {92},
	year = {2004},
	Bdsk-Url-1 = {https://doi.org/10.1103/PhysRevLett.92.251803}}

@article{ParticleDataGroup:2020ssz,
	author = {Zyla, P. A. and others},
	collaboration = {Particle Data Group},
	doi = {10.1093/ptep/ptaa104},
	journal = {PTEP},
	number = {8},
	pages = {083C01},
	title = {{Review of Particle Physics}},
	volume = {2020},
	year = {2020},
	Bdsk-Url-1 = {https://doi.org/10.1093/ptep/ptaa104}}

@article{Hardy:2017G0,
	author = {Hardy, John and Towner, I.S.},
	doi = {10.22323/1.291.0028},
	journal = {PoS},
	pages = {028},
	title = {{$|V_{ud}|$ from nuclear $\beta$ decays }},
	volume = {CKM2016},
	year = 2017,
	Bdsk-Url-1 = {https://doi.org/10.22323/1.291.0028}}

@online{TopPartonsGitLab,
      author         = "{ATLAS Collaboration}",
      title          = "{TopPartons code - GitLab}",
      year           = "2021",
      url            = "https://gitlab.cern.ch/atlas/athena/-/tree/21.2/PhysicsAnalysis/TopPhys/xAOD/TopPartons"
}

@unpublished{Collaboration:2045852,
      author        = "ATLAS Collaboration",
      title         = "{The coupling of the Higgs boson to fermions and bosons as
                       a function of the particle’s mass}",
      year          = "2015",
      url           = "https://cds.cern.ch/record/2045852",
      note          = "General Photo",
}

@article{ATLAS:2020ior,
    author = "Aad, Georges and others",
    collaboration = "ATLAS",
    title = "{$CP$ Properties of Higgs Boson Interactions with Top Quarks in the $t\bar{t}H$ and $tH$ Processes Using $H \rightarrow \gamma\gamma$ with the ATLAS Detector}",
    eprint = "2004.04545",
    archivePrefix = "arXiv",
    primaryClass = "hep-ex",
    reportNumber = "CERN-EP-2020-046",
    doi = "10.1103/PhysRevLett.125.061802",
    journal = "Phys. Rev. Lett.",
    volume = "125",
    number = "6",
    pages = "061802",
    year = "2020"
}

@article{Chau:1984fp,
	author = {Chau, Ling-Lie and Keung, Wai-Yee},
	doi = {10.1103/PhysRevLett.53.1802},
	journal = {Phys. Rev. Lett.},
	pages = {1802},
	reportnumber = {BNL-34643},
	title = {{Comments on the Parametrization of the Kobayashi-Maskawa Matrix}},
	volume = {53},
	year = {1984},
	Bdsk-Url-1 = {https://doi.org/10.1103/PhysRevLett.53.1802}}

@article{Pocanic:2003pf,
	archiveprefix = {arXiv},
	author = {Pocanic, D. and others},
	doi = {10.1103/PhysRevLett.93.181803},
	eprint = {hep-ex/0312030},
	journal = {Phys. Rev. Lett.},
	pages = {181803},
	title = {{Precise measurement of the pi+ ---\ensuremath{>} pi0 e+ nu branching ratio}},
	volume = {93},
	year = {2004},
	Bdsk-Url-1 = {https://doi.org/10.1103/PhysRevLett.93.181803}}

@article{CHORUS:2005nog,
	author = {Kayis-Topaksu, A. and others},
	collaboration = {CHORUS},
	doi = {10.1016/j.physletb.2005.08.082},
	journal = {Phys. Lett. B},
	pages = {24--34},
	reportnumber = {CERN-PH-EP-2005-039},
	title = {{Measurement of topological muonic branching ratios of charmed hadrons produced in neutrino-induced charged-current interactions}},
	volume = {626},
	year = {2005},
	Bdsk-Url-1 = {https://doi.org/10.1016/j.physletb.2005.08.082}}

@article{BaBar:2010ixw,
	archiveprefix = {arXiv},
	author = {del Amo Sanchez, P. and others},
	collaboration = {BaBar},
	doi = {10.1103/PhysRevD.82.091103},
	eprint = {1008.4080},
	journal = {Phys. Rev. D},
	note = {[Erratum: Phys.Rev.D 91, 019901 (2015)]},
	pages = {091103},
	primaryclass = {hep-ex},
	reportnumber = {SLAC-PUB-14229, BABAR-CONF-10-024},
	title = {{Measurement of the Absolute Branching Fractions for $D^-_s\!\rightarrow\!\ell^-\bar{\nu}_{\ell}$ and Extraction of the Decay Constant $f_{D_s}$}},
	volume = {82},
	year = {2010},
	Bdsk-Url-1 = {https://doi.org/10.1103/PhysRevD.82.091103}}

@article{Belle:2006idb,
	archiveprefix = {arXiv},
	author = {Widhalm, L. and others},
	collaboration = {Belle},
	doi = {10.1103/PhysRevLett.97.061804},
	eprint = {hep-ex/0604049},
	journal = {Phys. Rev. Lett.},
	pages = {061804},
	reportnumber = {BELLE-PREPRINT-2006-12},
	title = {{Measurement of D0 ---\ensuremath{>} pi l nu (Kl nu) Form Factors and Absolute Branching Fractions}},
	volume = {97},
	year = {2006},
	Bdsk-Url-1 = {https://doi.org/10.1103/PhysRevLett.97.061804}}

@article{HFLAV:2019otj,
	archiveprefix = {arXiv},
	author = {Amhis, Yasmine Sara and others},
	collaboration = {HFLAV},
	doi = {10.1140/epjc/s10052-020-8156-7},
	eprint = {1909.12524},
	journal = {Eur. Phys. J. C},
	number = {3},
	pages = {226},
	primaryclass = {hep-ex},
	title = {{Averages of b-hadron, c-hadron, and $\tau $-lepton properties as of 2018}},
	volume = {81},
	year = {2021},
	Bdsk-Url-1 = {https://doi.org/10.1140/epjc/s10052-020-8156-7}}

@article{Belle:2017rcc,
	archiveprefix = {arXiv},
	author = {Abdesselam, A. and others},
	collaboration = {Belle},
	eprint = {1702.01521},
	month = {2},
	primaryclass = {hep-ex},
	reportnumber = {BELLE-CONF-1612},
	title = {{Precise determination of the CKM matrix element $\left| V_{cb}\right|$ with $\bar B^0 \to D^{*\,+} \, \ell^- \, \bar \nu_\ell$ decays with hadronic tagging at Belle}},
	year = {2017}}

@article{Neubert:1993um,
	archiveprefix = {arXiv},
	author = {Neubert, Matthias},
	doi = {10.1103/PhysRevD.49.4623},
	eprint = {hep-ph/9312311},
	journal = {Phys. Rev. D},
	pages = {4623--4633},
	reportnumber = {CERN-TH-7113-93},
	title = {{Analysis of the photon spectrum in inclusive B ---\ensuremath{>} X(s) gamma decays}},
	volume = {49},
	year = {1994},
	Bdsk-Url-1 = {https://doi.org/10.1103/PhysRevD.49.4623}}

@article{Bauer:2000xf,
	archiveprefix = {arXiv},
	author = {Bauer, Christian W. and Ligeti, Zoltan and Luke, Michael E.},
	doi = {10.1016/S0370-2693(00)00318-X},
	eprint = {hep-ph/0002161},
	journal = {Phys. Lett. B},
	pages = {395--401},
	reportnumber = {UTPT-00-02, FERMILAB-PUB-00-039-T},
	title = {{A Model independent determination of |V(ub)|}},
	volume = {479},
	year = {2000},
	Bdsk-Url-1 = {https://doi.org/10.1016/S0370-2693(00)00318-X}}

@article{BaBar:2011xxm,
	archiveprefix = {arXiv},
	author = {Lees, J. P. and others},
	collaboration = {BaBar},
	doi = {10.1103/PhysRevD.86.032004},
	eprint = {1112.0702},
	journal = {Phys. Rev. D},
	pages = {032004},
	primaryclass = {hep-ex},
	reportnumber = {BABAR-PUB-11-014, SLAC-PUB-14811},
	title = {{Study of $\bar{B}\to X_u \ell \bar{\nu}$ decays in $B\bar{B}$ events tagged by a fully reconstructed B-meson decay and determination of $\|V_{ub}\|$}},
	volume = {86},
	year = {2012},
	Bdsk-Url-1 = {https://doi.org/10.1103/PhysRevD.86.032004}}

@article{Colquhoun:2015mfa,
	archiveprefix = {arXiv},
	author = {Colquhoun, B. and Dowdall, R. J. and Koponen, J. and Davies, C. T. H. and Lepage, G. P.},
	doi = {10.1103/PhysRevD.93.034502},
	eprint = {1510.07446},
	journal = {Phys. Rev. D},
	number = {3},
	pages = {034502},
	primaryclass = {hep-lat},
	title = {{B\textrightarrow{}\ensuremath{\pi}\ensuremath{\ell}\ensuremath{\nu} at zero recoil from lattice QCD with physical u/d quarks}},
	volume = {93},
	year = {2016},
	Bdsk-Url-1 = {https://doi.org/10.1103/PhysRevD.93.034502}}

@article{ATLAS:2020ixw,
	archiveprefix = {arXiv},
	author = {Aad, Georges and others},
	collaboration = {ATLAS},
	doi = {10.1140/epjc/s10052-020-08700-6},
	eprint = {2007.07624},
	journal = {Eur. Phys. J. C},
	number = {12},
	pages = {1194},
	primaryclass = {hep-ex},
	reportnumber = {CERN-EP-2020-108},
	title = {{Alignment of the ATLAS Inner Detector in Run-2}},
	volume = {80},
	year = {2020},
	Bdsk-Url-1 = {https://doi.org/10.1140/epjc/s10052-020-08700-6}}

@article{LHCb:2013lrq,
	archiveprefix = {arXiv},
	author = {Aaij, R and others},
	collaboration = {LHCb},
	doi = {10.1088/1367-2630/15/5/053021},
	eprint = {1304.4741},
	journal = {New J. Phys.},
	pages = {053021},
	primaryclass = {hep-ex},
	reportnumber = {CERN-PH-EP-2013-054, LHCB-PAPER-2013-006},
	title = {{Precision measurement of the $B^{0}_{s}$-$\bar{B}^{0}_{s}$ oscillation frequency with the decay $B^{0}_{s}\rightarrow D^{-}_{s}\pi^{+}$}},
	volume = {15},
	year = {2013},
	Bdsk-Url-1 = {https://doi.org/10.1088/1367-2630/15/5/053021}}

@article{Misiak:2015xwa,
	archiveprefix = {arXiv},
	author = {Misiak, M. and others},
	doi = {10.1103/PhysRevLett.114.221801},
	eprint = {1503.01789},
	journal = {Phys. Rev. Lett.},
	number = {22},
	pages = {221801},
	primaryclass = {hep-ph},
	reportnumber = {TTP15-007, SFB-CPP-14-121, SI-HEP-2015-08, QFET-2015-09, TTK-15-09, IFT-2-2015},
	title = {{Updated NNLO QCD predictions for the weak radiative B-meson decays}},
	volume = {114},
	year = {2015},
	Bdsk-Url-1 = {https://doi.org/10.1103/PhysRevLett.114.221801}}

@article{CDF:2015gsg,
	archiveprefix = {arXiv},
	author = {Aaltonen, Timo Antero and others},
	collaboration = {CDF, D0},
	doi = {10.1103/PhysRevLett.115.152003},
	eprint = {1503.05027},
	journal = {Phys. Rev. Lett.},
	number = {15},
	pages = {152003},
	primaryclass = {hep-ex},
	reportnumber = {FERMILAB-PUB-15-088-E},
	title = {{Tevatron Combination of Single-Top-Quark Cross Sections and Determination of the Magnitude of the Cabibbo-Kobayashi-Maskawa Matrix Element $\bf V_{tb}$}},
	volume = {115},
	year = {2015},
	Bdsk-Url-1 = {https://doi.org/10.1103/PhysRevLett.115.152003}}

@article{CMS:2014mxl,
	archiveprefix = {arXiv},
	author = {Khachatryan, Vardan and others},
	collaboration = {CMS},
	doi = {10.1016/j.physletb.2014.06.076},
	eprint = {1404.2292},
	journal = {Phys. Lett. B},
	pages = {33--57},
	primaryclass = {hep-ex},
	reportnumber = {CMS-TOP-12-035, CERN-PH-EP-2014-052},
	title = {{Measurement of the ratio $\mathcal B(t \to Wb)/\mathcal B(t \to Wq)$ in pp collisions at $\sqrt{s}$ = 8 TeV}},
	volume = {736},
	year = {2014},
	Bdsk-Url-1 = {https://doi.org/10.1016/j.physletb.2014.06.076}}

@article{D0:2011viq,
	archiveprefix = {arXiv},
	author = {Abazov, V. M. and others},
	collaboration = {D0},
	doi = {10.1103/PhysRevLett.107.121802},
	eprint = {1106.5436},
	journal = {Phys. Rev. Lett.},
	pages = {121802},
	primaryclass = {hep-ex},
	reportnumber = {FERMILAB-PUB-11-300-E},
	title = {{Precision measurement of the ratio ${\rm B}(t \to Wb)/{\rm B}(t \to Wq)$ and Extraction of $V_{tb}$}},
	volume = {107},
	year = {2011},
	Bdsk-Url-1 = {https://doi.org/10.1103/PhysRevLett.107.121802}}

@article{CMS:2015nrd,
	archiveprefix = {arXiv},
	author = {Khachatryan, Vardan and others},
	collaboration = {CMS},
	doi = {10.1007/JHEP06(2016)177},
	eprint = {1509.08159},
	journal = {JHEP},
	pages = {177},
	primaryclass = {hep-ex},
	reportnumber = {CMS-HIG-14-027, CERN-PH-EP-2015-255},
	title = {{Search for the associated production of a Higgs boson with a single top quark in proton-proton collisions at $ \sqrt{s}=8 $ TeV}},
	volume = {06},
	year = {2016},
	Bdsk-Url-1 = {https://doi.org/10.1007/JHEP06(2016)177}}

@article{Tait:2000sh,
	archiveprefix = {arXiv},
	author = {Tait, Timothy M. P. and Yuan, C. -P.},
	doi = {10.1103/PhysRevD.63.014018},
	eprint = {hep-ph/0007298},
	journal = {Phys. Rev. D},
	pages = {014018},
	reportnumber = {ANL-HEP-PR-98-124, CERN-TH-2000-224},
	title = {{Single top quark production as a window to physics beyond the standard model}},
	volume = {63},
	year = {2000},
	Bdsk-Url-1 = {https://doi.org/10.1103/PhysRevD.63.014018}}

@article{Biswas:2013xva,
	archiveprefix = {arXiv},
	author = {Biswas, Sanjoy and Gabrielli, Emidio and Margaroli, Fabrizio and Mele, Barbara},
	doi = {10.1007/JHEP07(2013)073},
	eprint = {1304.1822},
	journal = {JHEP},
	pages = {073},
	primaryclass = {hep-ph},
	title = {{Direct constraints on the top-Higgs coupling from the 8 TeV LHC data}},
	volume = {07},
	year = {2013},
	Bdsk-Url-1 = {https://doi.org/10.1007/JHEP07(2013)073}}

@article{Appelquist:1987cf,
	author = {Appelquist, T. and Chanowitz, Michael S.},
	doi = {10.1103/PhysRevLett.59.2405},
	journal = {Phys. Rev. Lett.},
	note = {[Erratum: Phys.Rev.Lett. 60, 1589 (1988)]},
	pages = {2405},
	reportnumber = {LBL-23951},
	title = {{Unitarity Bound on the Scale of Fermion Mass Generation}},
	volume = {59},
	year = {1987},
	Bdsk-Url-1 = {https://doi.org/10.1103/PhysRevLett.59.2405}}

@article{Demartin:2015uha,
	archiveprefix = {arXiv},
	author = {Demartin, Federico and Maltoni, Fabio and Mawatari, Kentarou and Zaro, Marco},
	doi = {10.1140/epjc/s10052-015-3475-9},
	eprint = {1504.00611},
	journal = {Eur. Phys. J. C},
	number = {6},
	pages = {267},
	primaryclass = {hep-ph},
	reportnumber = {MCNET-15-07, CP3-15-08},
	title = {{Higgs production in association with a single top quark at the LHC}},
	volume = {75},
	year = {2015},
	Bdsk-Url-1 = {https://doi.org/10.1140/epjc/s10052-015-3475-9}}

@article{Farina:2012xp,
	archiveprefix = {arXiv},
	author = {Farina, Marco and Grojean, Christophe and Maltoni, Fabio and Salvioni, Ennio and Thamm, Andrea},
	doi = {10.1007/JHEP05(2013)022},
	eprint = {1211.3736},
	journal = {JHEP},
	pages = {022},
	primaryclass = {hep-ph},
	reportnumber = {CERN-PH-TH-2012-313, DFPD-2012-TH-20, CP3-12-47},
	title = {{Lifting degeneracies in Higgs couplings using single top production in association with a Higgs boson}},
	volume = {05},
	year = {2013},
	Bdsk-Url-1 = {https://doi.org/10.1007/JHEP05(2013)022}}

@article{Biswas:2012bd,
	archiveprefix = {arXiv},
	author = {Biswas, Sanjoy and Gabrielli, Emidio and Mele, Barbara},
	doi = {10.1007/JHEP01(2013)088},
	eprint = {1211.0499},
	journal = {JHEP},
	pages = {088},
	primaryclass = {hep-ph},
	title = {{Single top and Higgs associated production as a probe of the Htt coupling sign at the LHC}},
	volume = {01},
	year = {2013},
	Bdsk-Url-1 = {https://doi.org/10.1007/JHEP01(2013)088}}

@article{ATLAS:2014ayi,
	archiveprefix = {arXiv},
	author = {Aad, Georges and others},
	collaboration = {ATLAS},
	doi = {10.1016/j.physletb.2014.11.049},
	eprint = {1409.3122},
	journal = {Phys. Lett. B},
	pages = {222--242},
	primaryclass = {hep-ex},
	reportnumber = {CERN-PH-EP-2014-179},
	title = {{Search for $H \to \gamma\gamma$ produced in association with top quarks and constraints on the Yukawa coupling between the top quark and the Higgs boson using data taken at 7 TeV and 8 TeV with the ATLAS detector}},
	volume = {740},
	year = {2015},
	Bdsk-Url-1 = {https://doi.org/10.1016/j.physletb.2014.11.049}}

@article{CMS:2014tll,
	archiveprefix = {arXiv},
	author = {Khachatryan, Vardan and others},
	collaboration = {CMS},
	doi = {10.1007/JHEP09(2014)087},
	eprint = {1408.1682},
	journal = {JHEP},
	note = {[Erratum: JHEP 10, 106 (2014)]},
	pages = {087},
	primaryclass = {hep-ex},
	reportnumber = {CMS-HIG-13-029, CERN-PH-EP-2014-189},
	title = {{Search for the associated production of the Higgs boson with a top-quark pair}},
	volume = {09},
	year = {2014},
	Bdsk-Url-1 = {https://doi.org/10.1007/JHEP09(2014)087}}

@article{PhysRev.105.1415,
	author = {Garwin, Richard L. and Lederman, Leon M. and Weinrich, Marcel},
	doi = {10.1103/PhysRev.105.1415},
	issue = {4},
	journal = {Phys. Rev.},
	month = {Feb},
	numpages = {0},
	pages = {1415--1417},
	publisher = {American Physical Society},
	title = {Observations of the Failure of Conservation of Parity and Charge Conjugation in Meson Decays: the Magnetic Moment of the Free Muon},
	url = {https://link.aps.org/doi/10.1103/PhysRev.105.1415},
	volume = {105},
	year = {1957},
	Bdsk-Url-1 = {https://link.aps.org/doi/10.1103/PhysRev.105.1415},
	Bdsk-Url-2 = {https://doi.org/10.1103/PhysRev.105.1415}}

@article{Bell:1955djs,
	author = {Bell, J. S.},
	doi = {10.1098/rspa.1955.0189},
	journal = {Proc. Roy. Soc. Lond. A},
	pages = {479--495},
	title = {{Time reversal in field theory}},
	volume = {231},
	year = {1955},
	Bdsk-Url-1 = {https://doi.org/10.1098/rspa.1955.0189}}

@article{D0:1995jca,
	archiveprefix = {arXiv},
	author = {Abachi, S. and others},
	collaboration = {D0},
	doi = {10.1103/PhysRevLett.74.2632},
	eprint = {hep-ex/9503003},
	journal = {Phys. Rev. Lett.},
	pages = {2632--2637},
	reportnumber = {FERMILAB-PUB-95-028-E, D0-2698, D0-PUB-95-7},
	title = {{Observation of the top quark}},
	volume = {74},
	year = {1995},
	Bdsk-Url-1 = {https://doi.org/10.1103/PhysRevLett.74.2632}}

@article{CDF:1995wbb,
	archiveprefix = {arXiv},
	author = {Abe, F. and others},
	collaboration = {CDF},
	doi = {10.1103/PhysRevLett.74.2626},
	eprint = {hep-ex/9503002},
	journal = {Phys. Rev. Lett.},
	pages = {2626--2631},
	reportnumber = {FERMILAB-PUB-95-022-E, CDF-PUB-TOP-PUBLIC-3040, ANL-HEP-PR-95-44},
	title = {{Observation of top quark production in $\bar{p}p$ collisions}},
	volume = {74},
	year = {1995},
	Bdsk-Url-1 = {https://doi.org/10.1103/PhysRevLett.74.2626}}

@article{Kobayashi:1973fv,
	author = {Kobayashi, Makoto and Maskawa, Toshihide},
	doi = {10.1143/PTP.49.652},
	journal = {Prog. Theor. Phys.},
	pages = {652--657},
	reportnumber = {KUNS-242},
	title = {{CP Violation in the Renormalizable Theory of Weak Interaction}},
	volume = {49},
	year = {1973},
	Bdsk-Url-1 = {https://doi.org/10.1143/PTP.49.652}}

@article{CMS:2018ktx,
	archiveprefix = {arXiv},
	author = {Sirunyan, Albert M. and others},
	collaboration = {CMS},
	doi = {10.1140/epjc/s10052-018-6148-7},
	eprint = {1806.00863},
	journal = {Eur. Phys. J. C},
	number = {9},
	pages = {701},
	primaryclass = {hep-ex},
	reportnumber = {CMS-SMP-16-007, CERN-EP-2018-126},
	title = {{Measurement of the weak mixing angle using the forward-backward asymmetry of Drell-Yan events in pp collisions at 8 TeV}},
	volume = {78},
	year = {2018},
	Bdsk-Url-1 = {https://doi.org/10.1140/epjc/s10052-018-6148-7}}

@article{zimmermann2006statistical,
	author = {Zimmermann, J},
	journal = {Nuclear Instruments and Methods in Physics Research Section A: Accelerators, Spectrometers, Detectors and Associated Equipment},
	number = {1},
	pages = {106--114},
	publisher = {Elsevier},
	title = {Statistical learning methods: Basics, control and performance},
	volume = {559},
	year = {2006}}

@article{Herb:1977ek,
	author = {Herb, S. W. and others},
	doi = {10.1103/PhysRevLett.39.252},
	journal = {Phys. Rev. Lett.},
	pages = {252--255},
	reportnumber = {FERMILAB-PUB-77-58-EXP, FERMILAB-PUB-77-058-E, PRINT-77-0640 (COLUMBIA)},
	title = {{Observation of a Dimuon Resonance at 9.5-GeV in 400-GeV Proton-Nucleus Collisions}},
	volume = {39},
	year = {1977},
	Bdsk-Url-1 = {https://doi.org/10.1103/PhysRevLett.39.252}}

@article{SLAC-SP-017:1974ind,
	author = {Augustin, J. E. and others},
	collaboration = {SLAC-SP-017},
	doi = {10.1103/PhysRevLett.33.1406},
	journal = {Phys. Rev. Lett.},
	pages = {1406--1408},
	reportnumber = {SLAC-PUB-1504, LBL-3391},
	title = {{Discovery of a Narrow Resonance in $e^+ e^-$ Annihilation}},
	volume = {33},
	year = {1974},
	Bdsk-Url-1 = {https://doi.org/10.1103/PhysRevLett.33.1406}}

@article{Hung:2021tmi,
	archiveprefix = {arXiv},
	author = {Hung, P. Q.},
	eprint = {2101.09607},
	month = {1},
	primaryclass = {hep-ph},
	title = {{The Weak Eightfold Way: $SU(3)_W$ unification of the electroweak interactions}},
	year = {2021}}

@article{Wu:1957my,
	author = {Wu, C. S. and Ambler, E. and Hayward, R. W. and Hoppes, D. D. and Hudson, R. P.},
	doi = {10.1103/PhysRev.105.1413},
	journal = {Phys. Rev.},
	pages = {1413--1414},
	title = {{Experimental Test of Parity Conservation in $\beta$ Decay}},
	volume = {105},
	year = {1957},
	Bdsk-Url-1 = {https://doi.org/10.1103/PhysRev.105.1413}}

@article{Moura:2022dev,
	author = {Moura, Celio A. and Rossi-Torres, Fernando},
	doi = {10.3390/universe8010042},
	journal = {Universe},
	number = {1},
	pages = {42},
	title = {{Searches for Violation of CPT Symmetry and Lorentz Invariance with Astrophysical Neutrinos}},
	volume = {8},
	year = {2022},
	Bdsk-Url-1 = {https://doi.org/10.3390/universe8010042}}

@article{Lee:1956qn,
	author = {Lee, T. D. and Yang, Chen-Ning},
	doi = {10.1103/PhysRev.104.254},
	journal = {Phys. Rev.},
	pages = {254--258},
	title = {{Question of Parity Conservation in Weak Interactions}},
	volume = {104},
	year = {1956},
	Bdsk-Url-1 = {https://doi.org/10.1103/PhysRev.104.254}}

@article{Einstein:1916vd,
	author = {Einstein, Albert},
	doi = {10.1002/andp.19163540702},
	editor = {Hsu, Jong-Ping and Fine, D.},
	journal = {Annalen Phys.},
	number = {7},
	pages = {769--822},
	title = {{The Foundation of the General Theory of Relativity}},
	volume = {49},
	year = {1916},
	Bdsk-Url-1 = {https://doi.org/10.1002/andp.19163540702}}

@article{10230794692Dirac,
	author = {P. A. M. Dirac},
	issn = {09501207},
	journal = {Proceedings of the Royal Society of London. Series A, Containing Papers of a Mathematical and Physical Character},
	number = {762},
	pages = {661--677},
	publisher = {The Royal Society},
	title = {On the Theory of Quantum Mechanics},
	url = {http://www.jstor.org/stable/94692},
	volume = {112},
	year = {1926},
	Bdsk-Url-1 = {http://www.jstor.org/stable/94692}}

@article{LHCb:2019kea,
	archiveprefix = {arXiv},
	author = {Aaij, Roel and others},
	collaboration = {LHCb},
	doi = {10.1103/PhysRevLett.122.222001},
	eprint = {1904.03947},
	journal = {Phys. Rev. Lett.},
	number = {22},
	pages = {222001},
	primaryclass = {hep-ex},
	reportnumber = {LHCb-PAPER-2019-014 CERN-EP-2019-058},
	title = {{Observation of a narrow pentaquark state, $P_c(4312)^+$, and of two-peak structure of the $P_c(4450)^+$}},
	volume = {122},
	year = {2019},
	Bdsk-Url-1 = {https://doi.org/10.1103/PhysRevLett.122.222001}}

@article{ATLAS:2018tdk,
	archiveprefix = {arXiv},
	author = {Aaboud, Morad and others},
	collaboration = {ATLAS},
	doi = {10.1016/j.physletb.2018.07.050},
	eprint = {1806.00242},
	journal = {Phys. Lett. B},
	pages = {345--366},
	primaryclass = {hep-ex},
	reportnumber = {CERN-EP-2018-085},
	title = {{Measurement of the Higgs boson mass in the $H\rightarrow ZZ^* \rightarrow 4\ell$ and $H \rightarrow \gamma\gamma$ channels with $\sqrt{s}=13$ TeV $pp$ collisions using the ATLAS detector}},
	volume = {784},
	year = {2018},
	Bdsk-Url-1 = {https://doi.org/10.1016/j.physletb.2018.07.050}}

@article{CMS:2020xrn,
	archiveprefix = {arXiv},
	author = {Sirunyan, Albert M and others},
	collaboration = {CMS},
	doi = {10.1016/j.physletb.2020.135425},
	eprint = {2002.06398},
	journal = {Phys. Lett. B},
	pages = {135425},
	primaryclass = {hep-ex},
	reportnumber = {CMS-HIG-19-004, CERN-EP-2020-004},
	title = {{A measurement of the Higgs boson mass in the diphoton decay channel}},
	volume = {805},
	year = {2020},
	Bdsk-Url-1 = {https://doi.org/10.1016/j.physletb.2020.135425}}

@article{CMS:2019fak,
	archiveprefix = {arXiv},
	author = {Sirunyan, Albert M and others},
	collaboration = {CMS},
	doi = {10.1103/PhysRevLett.124.202001},
	eprint = {1911.03800},
	journal = {Phys. Rev. Lett.},
	number = {20},
	pages = {202001},
	primaryclass = {hep-ex},
	reportnumber = {CMS-TOP-19-005, CERN-EP-2019-226},
	title = {{Measurement of the Jet Mass Distribution and Top Quark Mass in Hadronic Decays of Boosted Top Quarks in $pp$ Collisions at $\sqrt{s} =$ TeV}},
	volume = {124},
	year = {2020},
	Bdsk-Url-1 = {https://doi.org/10.1103/PhysRevLett.124.202001}}

@article{CDF:2016vzt,
	archiveprefix = {arXiv},
	collaboration = {CDF, D0},
	eprint = {1608.01881},
	month = {8},
	primaryclass = {hep-ex},
	reportnumber = {FERMILAB-CONF-16-298-E},
	title = {{Combination of CDF and D0 results on the mass of the top quark using up $9.7\:{\rm fb}^{-1}$ at the Tevatron}},
	year = {2016}}

@article{ATLAS:2008xda,
	author = {Aad, G. and others},
	collaboration = {ATLAS},
	doi = {10.1088/1748-0221/3/08/S08003},
	journal = {JINST},
	pages = {S08003},
	title = {{The ATLAS Experiment at the CERN Large Hadron Collider}},
	volume = {3},
	year = {2008},
	Bdsk-Url-1 = {https://doi.org/10.1088/1748-0221/3/08/S08003}}

@techreport{Livan:319197,
	address = {Geneva},
	author = {Livan, M},
	collaboration = {ATLAS Muon Group},
	doi = {10.1016/S0168-9002(96)00851-0},
	institution = {CERN},
	month = {Sep},
	reportnumber = {ATL-M-PN-129},
	title = {{Monitored drift tubes in ATLAS}},
	url = {https://cds.cern.ch/record/319197},
	year = {1996},
	Bdsk-Url-1 = {https://cds.cern.ch/record/319197},
	Bdsk-Url-2 = {https://doi.org/10.1016/S0168-9002(96)00851-0}}

@article{CMS:2008xjf,
	author = {Chatrchyan, S. and others},
	collaboration = {CMS},
	doi = {10.1088/1748-0221/3/08/S08004},
	journal = {JINST},
	pages = {S08004},
	title = {{The CMS Experiment at the CERN LHC}},
	volume = {3},
	year = {2008},
	Bdsk-Url-1 = {https://doi.org/10.1088/1748-0221/3/08/S08004}}

@article{Cattani_2011,
	author = {Giordano Cattani},
	doi = {10.1088/1742-6596/280/1/012001},
	journal = {Journal of Physics: Conference Series},
	month = {feb},
	pages = {012001},
	publisher = {{IOP} Publishing},
	title = {The Resistive Plate Chambers of the {ATLAS} experiment: performance studies},
	url = {https://doi.org/10.1088/1742-6596/280/1/012001},
	volume = {280},
	year = 2011,
	Bdsk-Url-1 = {https://doi.org/10.1088/1742-6596/280/1/012001}}

@article{LHCb:2008vvz,
	author = {Alves, Jr., A. Augusto and others},
	collaboration = {LHCb},
	doi = {10.1088/1748-0221/3/08/S08005},
	journal = {JINST},
	pages = {S08005},
	reportnumber = {LHCb-DP-2008-001},
	title = {{The LHCb Detector at the LHC}},
	volume = {3},
	year = {2008},
	Bdsk-Url-1 = {https://doi.org/10.1088/1748-0221/3/08/S08005}}

@article{Nagai:1996mf,
	author = {Nagai, K.},
	doi = {10.1016/S0168-9002(96)01065-0},
	editor = {Ferroni, F. and Schlein, P.},
	journal = {Nucl. Instrum. Meth. A},
	pages = {219--221},
	title = {{Thin gap chambers in ATLAS}},
	volume = {384},
	year = {1996},
	Bdsk-Url-1 = {https://doi.org/10.1016/S0168-9002(96)01065-0}}

@article{ALICE_Collaboration_2008,
	author = {Aamodt, K. and others},
	collaboration = {ALICE},
	doi = {10.1088/1748-0221/3/08/S08002},
	journal = {JINST},
	pages = {S08002},
	title = {{The ALICE experiment at the CERN LHC}},
	volume = {3},
	year = {2008},
	Bdsk-Url-1 = {https://doi.org/10.1088/1748-0221/3/08/S08002}}

@article{Cafagna:2021sge,
	author = {Cafagna, Francesco S.},
	collaboration = {TOTEM},
	doi = {10.22323/1.358.0207},
	journal = {PoS},
	pages = {207},
	title = {{Latest results for Proton-proton Cross Section Measurements with the TOTEM experiment at LHC}},
	volume = {ICRC2019},
	year = {2021},
	Bdsk-Url-1 = {https://doi.org/10.22323/1.358.0207}}

@article{doi:10.1146/annurev-nucl-102711-094910,
	author = {M{\"u}ller, Berndt and Schukraft, J{\"u}rgen and Wys{\l}ouch, Boles{\l}aw},
	doi = {10.1146/annurev-nucl-102711-094910},
	eprint = {https://doi.org/10.1146/annurev-nucl-102711-094910},
	journal = {Annual Review of Nuclear and Particle Science},
	number = {1},
	pages = {361-386},
	title = {{First Results from Pb+Pb Collisions at the LHC}},
	url = {https://doi.org/10.1146/annurev-nucl-102711-094910},
	volume = {62},
	year = {2012},
	Bdsk-Url-1 = {https://doi.org/10.1146/annurev-nucl-102711-094910}}

@article{LHC_fundations,
	note = {Issued on 19 December 1991},
	pages = {3 p},
	reportnumber = {CERN-PR-91-10-EN},
	title = {{CERN Council holds special session on the Large Hadron Collider project}},
	url = {https://cds.cern.ch/record/859552},
	year = {1991},
	Bdsk-Url-1 = {https://cds.cern.ch/record/859552}}

@book{Myers226776,
	address = {Geneva},
	author = {Myers, Stephen},
	doi = {10.5170/CERN-1991-008},
	note = {Delivered at CERN, 26 Nov 1990},
	publisher = {CERN},
	series = {John Adams' memorial lecture},
	title = {{The LEP Collider, from design to approval and commissioning}},
	url = {http://cds.cern.ch/record/226776},
	year = {1991},
	Bdsk-Url-1 = {http://cds.cern.ch/record/226776},
	Bdsk-Url-2 = {https://doi.org/10.5170/CERN-1991-008}}

@techreport{Amoroso:2746800,
	address = {Geneva},
	author = {Amoroso, Simone and Camarda, Stefano and Dado, Tomas and Knue, Andrea and Owen, Mark and Hawkings, Richard and Nisius, Richard and Pinamonti, Michele and Vos, Marcel},
	institution = {CERN},
	month = {Dec},
	reportnumber = {ATL-COM-PHYS-2020-845},
	title = {{Strategy for ATLAS top quark mass measurements: 2021-2023}},
	url = {https://cds.cern.ch/record/2746800},
	year = {2020},
	Bdsk-Url-1 = {https://cds.cern.ch/record/2746800}}

@book{CherryPyDoc,
	author = {{CherryPy Team}},
	title = {{CherryPy Documentation}},
	url = {https://readthedocs.org/projects/cherrypy/downloads/pdf/latest/},
	year = {2'17},
	Bdsk-Url-1 = {https://readthedocs.org/projects/cherrypy/downloads/pdf/latest/}}

@inproceedings{Lista:2016chp,
	archiveprefix = {arXiv},
	author = {Lista, Luca},
	booktitle = {{2016 European School of High-Energy Physics}},
	doi = {10.23730/CYRSP-2017-005.213},
	eprint = {1609.04150},
	pages = {213--258},
	primaryclass = {physics.data-an},
	title = {{Practical Statistics for Particle Physicists}},
	year = {2017},
	Bdsk-Url-1 = {https://doi.org/10.23730/CYRSP-2017-005.213}}

@article{Harland-Lang:2014zoa,
      author         = "Harland-Lang, L. A. and Martin, A. D. and Motylinski, P.
                        and Thorne, R. S.",
      title          = "{Parton distributions in the LHC era: MMHT 2014 PDFs}",
      journal        = "Eur. Phys. J. C",
      number         = "5",
      volume         = "75",
      pages          = "204",
      doi            = "10.1140/epjc/s10052-015-3397-6",
      year           = "2015",
      eprint         = "1412.3989",
      archivePrefix  = "arXiv",
      primaryClass   = "hep-ph",
      reportNumber   = "LCTS-2014-47, IPPP-14-97, DCPT-14-194",
      SLACcitation   = "%%CITATION = ARXIV:1412.3989;%%",
}
@online{PmgSystematicUncertaintyRecipes,
      author         = "{ATLAS Collaboration}",
      title          = "{PMG systematic uncertainty recipes twiki}",
      year           = "2022",
      url            = "https://twiki.cern.ch/twiki/bin/viewauth/AtlasProtected/PmgSystematicUncertaintyRecipes#Scale_uncertainties"
}


@techreport{ATLAS:CONF:2019:021,
	address = {Geneva},
	collaboration = {ATLAS Collaboration},
	institution = {CERN},
	month = {Jun},
	reportnumber = {ATLAS-CONF-2019-021},
	title = {{Luminosity determination in $pp$ collisions at $\sqrt{s}=13$ TeV using the ATLAS detector at the LHC}},
	url = {http://cds.cern.ch/record/2677054},
	year = {2019},
	Bdsk-Url-1 = {http://cds.cern.ch/record/2677054}}

@article{MelladoGarcia:2150771,
	author = {Mellado Garcia, Bruce and Musella, Pasquale and Grazzini, Massimiliano and Harlander, Robert},
	month = {May},
	title = {{CERN Report 4: Part I Standard Model Predictions}},
	url = {https://cds.cern.ch/record/2150771},
	year = {2016},
	Bdsk-Url-1 = {https://cds.cern.ch/record/2150771}}

@article{LHCHiggsCrossSectionWorkingGroup:2016ypw,
	archiveprefix = {arXiv},
	author = {de Florian, D. and others},
	collaboration = {LHC Higgs Cross Section Working Group},
	doi = {10.23731/CYRM-2017-002},
	eprint = {1610.07922},
	month = {10},
	primaryclass = {hep-ph},
	reportnumber = {CERN-2017-002-M, CERN-2017-002},
	title = {{Handbook of LHC Higgs Cross Sections: 4. Deciphering the Nature of the Higgs Sector}},
	volume = {2/2017},
	year = {2016},
	Bdsk-Url-1 = {https://doi.org/10.23731/CYRM-2017-002}}

@article{Martin:2009iq,
	archiveprefix = {arXiv},
	author = {Martin, A. D. and Stirling, W. J. and Thorne, R. S. and Watt, G.},
	doi = {10.1140/epjc/s10052-009-1072-5},
	eprint = {0901.0002},
	journal = {Eur. Phys. J. C},
	pages = {189--285},
	primaryclass = {hep-ph},
	reportnumber = {IPPP-08-95, DCPT-08-190, CAVENDISH-HEP-08-16},
	title = {{Parton distributions for the LHC}},
	volume = {63},
	year = {2009},
	Bdsk-Url-1 = {https://doi.org/10.1140/epjc/s10052-009-1072-5}}

@proceedings{Blewett:103798,
	address = {Geneva},
	author = {Blewett, Myrtle Hildred and Vogt-Nilsen, Nils},
	organization = {CERN},
	publisher = {CERN},
	title = {{{8th International Conference on High-Energy Accelerators}}},
	url = {https://cds.cern.ch/record/103798},
	year = {1971},
	Bdsk-Url-1 = {https://cds.cern.ch/record/103798}}

@book{Adriani:926196,
	author = {Adriani, O. and others},
	collaboration = {LHCf},
	month = {2},
	reportnumber = {CERN-LHCC-2006-004},
	title = {{Technical design report of the LHCf experiment: Measurement of photons and neutral pions in the very forward region of LHC}},
	year = {2006}}

@article{Evans_2008,
	doi = {10.1088/1748-0221/3/08/S08001},
	editor = {Evans, Lyndon and Bryant, Philip},
	journal = {JINST},
	pages = {S08001},
	title = {{LHC Machine}},
	volume = {3},
	year = {2008},
	Bdsk-Url-1 = {https://doi.org/10.1088/1748-0221/3/08/S08001}}

@techreport{Pettersson:291782,
	author = {Pettersson, Thomas Sven and Lef{\`e}vre, P},
	collaboration = {LHC Study Group},
	month = {Oct},
	reportnumber = {CERN-AC-95-05-LHC},
	title = {{The Large Hadron Collider: conceptual design}},
	url = {http://cds.cern.ch/record/291782},
	year = {1995},
	Bdsk-Url-1 = {http://cds.cern.ch/record/291782}}

@article{MATHUSLA:2018bqv,
	archiveprefix = {arXiv},
	author = {Alpigiani, Cristiano and others},
	collaboration = {MATHUSLA},
	eprint = {1811.00927},
	month = {7},
	primaryclass = {physics.ins-det},
	reportnumber = {CERN-LHCC-2018-025, LHCC-I-031},
	title = {{A Letter of Intent for MATHUSLA: A Dedicated Displaced Vertex Detector above ATLAS or CMS.}},
	year = {2018}}

@article{PhysRevD.102.032002,
	archiveprefix = {arXiv},
	author = {Ball, A. and others},
	doi = {10.1103/PhysRevD.102.032002},
	eprint = {2005.06518},
	journal = {Phys. Rev. D},
	number = {3},
	pages = {032002},
	primaryclass = {hep-ex},
	reportnumber = {CERN-EP-2020-072},
	title = {{Search for millicharged particles in proton-proton collisions at $\sqrt{s} = 13$ TeV}},
	volume = {102},
	year = {2020},
	Bdsk-Url-1 = {https://doi.org/10.1103/PhysRevD.102.032002}}

@article{Yoo:2645863,
	archiveprefix = {arXiv},
	author = {Yoo, Jae Hyeok},
	collaboration = {milliQan Collaboration},
	doi = {10.22323/1.340.0520},
	eprint = {1810.06733},
	journal = {PoS},
	month = {Oct},
	note = {proceeding for ICHEP 2018 SEOUL, International Conference on High Energy Physics, 4-11 July 2018, SEOUL, KOREA},
	pages = {520. 4 p},
	title = {{The milliQan Experiment: Search for milli-charged Particles at the LHC}},
	url = {https://cds.cern.ch/record/2645863},
	volume = {ICHEP2018},
	year = {2018},
	Bdsk-Url-1 = {https://cds.cern.ch/record/2645863},
	Bdsk-Url-2 = {https://doi.org/10.22323/1.340.0520}}

@article{Mitsou:2017doz,
	archiveprefix = {arXiv},
	author = {Mitsou, Vasiliki A.},
	collaboration = {MoEDAL},
	doi = {10.1088/1742-6596/873/1/012010},
	editor = {Grzadkowski, Bohdan and Kalinowski, Jan and Krawczyk, Maria},
	eprint = {1703.07141},
	journal = {J. Phys. Conf. Ser.},
	number = {1},
	pages = {012010},
	primaryclass = {hep-ex},
	reportnumber = {IFIC-17-14, IFIC/17-14},
	title = {{The MoEDAL experiment at the LHC: status and results}},
	volume = {873},
	year = {2017},
	Bdsk-Url-1 = {https://doi.org/10.1088/1742-6596/873/1/012010}}

@article{Collaboration_totem_2008,
	author = {Anelli, G. and others},
	collaboration = {TOTEM},
	doi = {10.1088/1748-0221/3/08/S08007},
	journal = {JINST},
	pages = {S08007},
	title = {{The TOTEM experiment at the CERN Large Hadron Collider}},
	volume = {3},
	year = {2008},
	Bdsk-Url-1 = {https://doi.org/10.1088/1748-0221/3/08/S08007}}

@article{FASER:2018bac,
	archiveprefix = {arXiv},
	author = {Ariga, Akitaka and others},
	collaboration = {FASER},
	eprint = {1812.09139},
	month = {12},
	primaryclass = {physics.ins-det},
	reportnumber = {CERN-LHCC-2018-036, LHCC-P-013, UCI-TR-2018-22, KYUSHU-RCAPP-2018-07},
	title = {{Technical Proposal for FASER: ForwArd Search ExpeRiment at the LHC}},
	year = {2018}}

@article{Feng:2017uoz,
	archiveprefix = {arXiv},
	author = {Feng, Jonathan L. and Galon, Iftah and Kling, Felix and Trojanowski, Sebastian},
	doi = {10.1103/PhysRevD.97.035001},
	eprint = {1708.09389},
	journal = {Phys. Rev. D},
	number = {3},
	pages = {035001},
	primaryclass = {hep-ph},
	reportnumber = {UCI-TR-2017-08},
	title = {{ForwArd Search ExpeRiment at the LHC}},
	volume = {97},
	year = {2018},
	Bdsk-Url-1 = {https://doi.org/10.1103/PhysRevD.97.035001}}

@article{FASER:2018ceo,
	archiveprefix = {arXiv},
	author = {Ariga, Akitaka and others},
	collaboration = {FASER},
	eprint = {1811.10243},
	month = {11},
	primaryclass = {physics.ins-det},
	reportnumber = {CERN-LHCC-2018-030, LHCC-I-032, UCI-TR-2018-18, KYUSHU-RCAPP-2018-05},
	title = {{Letter of Intent for FASER: ForwArd Search ExpeRiment at the LHC}},
	year = {2018}}

@article{Bird:2005js,
	editor = {Bird, I. and others},
	month = {6},
	reportnumber = {CERN-LHCC-2005-024},
	title = {{LHC computing Grid. Technical design report}},
	year = {2005}}

@article{Duckeck:2005rb,
	collaboration = {ATLAS},
	editor = {Duckeck, G. and Barberis, D. and Hawkings, R. and Jones, R. and McCubbin, N. and Poulard, G. and Quarrie, D. and Wenaus, T. and Obreshkov, E.},
	month = {6},
	reportnumber = {CERN-LHCC-2005-022, ATLAS-TRD-017},
	title = {{ATLAS computing: Technical design report}},
	year = {2005}}

@book{CERN-LHCC-97-016,
	address = {Geneva},
	collaboration = {ATLAS Collaboration},
	publisher = {CERN},
	series = {Technical design report. ATLAS},
	title = {{ATLAS inner detector: Technical Design Report, 1}},
	url = {https://cds.cern.ch/record/331063},
	year = {1997},
	Bdsk-Url-1 = {https://cds.cern.ch/record/331063}}

@article{ATLAS:2010ylv,
	archiveprefix = {arXiv},
	author = {Aad, G. and others},
	collaboration = {ATLAS},
	doi = {10.1140/epjc/s10052-010-1366-7},
	eprint = {1004.5293},
	journal = {Eur. Phys. J. C},
	pages = {787--821},
	primaryclass = {physics.ins-det},
	title = {{The ATLAS Inner Detector commissioning and calibration}},
	volume = {70},
	year = {2010},
	Bdsk-Url-1 = {https://doi.org/10.1140/epjc/s10052-010-1366-7}}

@inbook{grupen_shwartz_2008,
	author = {Grupen, Claus and Shwartz, Boris},
	booktitle = {Particle Detectors},
	collection = {Cambridge Monographs on Particle Physics, Nuclear Physics and Cosmology},
	doi = {10.1017/CBO9780511534966.011},
	edition = {2},
	pages = {230--272},
	place = {Cambridge},
	publisher = {Cambridge University Press},
	series = {Cambridge Monographs on Particle Physics, Nuclear Physics and Cosmology},
	title = {Calorimetry},
	year = {2008},
	Bdsk-Url-1 = {https://doi.org/10.1017/CBO9780511534966.011}}

@article{ATLAS:2019dpa,
	archiveprefix = {arXiv},
	author = {Aad, Georges and others},
	collaboration = {ATLAS},
	doi = {10.1140/epjc/s10052-019-7500-2},
	eprint = {1909.00761},
	journal = {Eur. Phys. J. C},
	number = {1},
	pages = {47},
	primaryclass = {hep-ex},
	reportnumber = {CERN-EP-2019-169},
	title = {{Performance of electron and photon triggers in ATLAS during LHC Run 2}},
	volume = {80},
	year = {2020},
	Bdsk-Url-1 = {https://doi.org/10.1140/epjc/s10052-019-7500-2}}

@article{Cavallari_2011,
	author = {Francesca Cavallari},
	doi = {10.1088/1742-6596/293/1/012001},
	journal = {Journal of Physics: Conference Series},
	month = {apr},
	pages = {012001},
	publisher = {{IOP} Publishing},
	title = {Performance of calorimeters at the {LHC}},
	url = {https://doi.org/10.1088/1742-6596/293/1/012001},
	volume = {293},
	year = 2011,
	Bdsk-Url-1 = {https://doi.org/10.1088/1742-6596/293/1/012001}}

@techreport{CERN-LHCC-2017-021,
	address = {Geneva},
	collaboration = {ATLAS Collaboration},
	institution = {CERN},
	month = {Sep},
	reportnumber = {CERN-LHCC-2017-021, ATLAS-TDR-030},
	title = {{Technical Design Report for the ATLAS Inner Tracker Pixel Detector}},
	url = {https://cds.cern.ch/record/2285585},
	year = {2017},
	Bdsk-Url-1 = {https://cds.cern.ch/record/2285585}}

@article{ATLAS:2003aa,
	collaboration = {ATLAS},
	month = {7},
	reportnumber = {CERN-LHCC-2003-022, ATLAS-TRD-016},
	title = {{ATLAS high-level trigger, data acquisition and controls: Technical design report}},
	year = {2003}}

@article{ATLAS:2012nks,
	archiveprefix = {arXiv},
	author = {Aad, Georges and others},
	collaboration = {ATLAS},
	doi = {10.1140/epjc/s10052-011-1849-1},
	eprint = {1110.1530},
	journal = {Eur. Phys. J. C},
	pages = {1849},
	primaryclass = {hep-ex},
	reportnumber = {CERN-PH-EP-2011-078},
	title = {{Performance of the ATLAS Trigger System in 2010}},
	volume = {72},
	year = {2012},
	Bdsk-Url-1 = {https://doi.org/10.1140/epjc/s10052-011-1849-1}}

@article{Butterworth:2015oua,
	archiveprefix = {arXiv},
	author = {Butterworth, J and others},
	doi = {10.1088/0954-3899/43/2/023001},
	eprint = {1510.03865},
	journal = {J. Phys. G},
	pages = {023001},
	primaryclass = {hep-ph},
	reportnumber = {OUTP-15-17P, SMU-HEP-15-12, TIF-UNIMI-2015-14, LCTS-2015-27, CERN-PH-TH-2015-249},
	title = {{PDF4LHC recommendations for LHC Run II}},
	volume = {43},
	year = {2016},
	Bdsk-Url-1 = {https://doi.org/10.1088/0954-3899/43/2/023001}}

@article{Martin:2009bu,
	archiveprefix = {arXiv},
	author = {Martin, A. D. and Stirling, W. J. and Thorne, R. S. and Watt, G.},
	doi = {10.1140/epjc/s10052-009-1164-2},
	eprint = {0905.3531},
	journal = {Eur. Phys. J. C},
	pages = {653--680},
	primaryclass = {hep-ph},
	reportnumber = {IPPP-09-33, DCPT-09-66, CAVENDISH-HEP-09-06},
	title = {Uncertainties on alpha(S) in global PDF analyses and implications for predicted hadronic cross sections},
	volume = {64},
	year = {2009},
	Bdsk-Url-1 = {https://doi.org/10.1140/epjc/s10052-009-1164-2}}

@article{Lai:2010vv,
	archiveprefix = {arXiv},
	author = {Lai, Hung-Liang and Guzzi, Marco and Huston, Joey and Li, Zhao and Nadolsky, Pavel M. and Pumplin, Jon and Yuan, C. -P.},
	doi = {10.1103/PhysRevD.82.074024},
	eprint = {1007.2241},
	journal = {Phys. Rev. D},
	pages = {074024},
	primaryclass = {hep-ph},
	reportnumber = {MSUHEP-100707, SMU-HEP-10-10},
	title = {{New parton distributions for collider physics}},
	volume = {82},
	year = {2010},
	Bdsk-Url-1 = {https://doi.org/10.1103/PhysRevD.82.074024}}

@article{Ball:2013hta,
	archiveprefix = {arXiv},
	author = {Ball, Richard D. and Bertone, Valerio and Carrazza, Stefano and Del Debbio, Luigi and Forte, Stefano and Guffanti, Alberto and Hartland, Nathan P. and Rojo, Juan},
	collaboration = {NNPDF},
	doi = {10.1016/j.nuclphysb.2013.10.010},
	eprint = {1308.0598},
	journal = {Nucl. Phys. B},
	pages = {290--320},
	primaryclass = {hep-ph},
	reportnumber = {EDINBURGH-2013-20, FR-PHENO-2013-008, CERN-PH-TH-2013-075, Edinburgh 2013/20, IFUM-1014-FT, FR-PHENO-2013-008, CERN-PH-TH/2013-075},
	title = {{Parton distributions with QED corrections}},
	volume = {877},
	year = {2013},
	Bdsk-Url-1 = {https://doi.org/10.1016/j.nuclphysb.2013.10.010}}

@article{Frederix:2017wme,
	archiveprefix = {arXiv},
	author = {Frederix, Rikkert and Pagani, Davide and Zaro, Marco},
	doi = {10.1007/JHEP02(2018)031},
	eprint = {1711.02116},
	journal = {JHEP},
	pages = {031},
	primaryclass = {hep-ph},
	title = {{Large NLO corrections in $t\bar{t}W^{\pm}$ and $t\bar{t}t\bar{t}$ hadroproduction from supposedly subleading EW contributions}},
	volume = {02},
	year = {2018},
	Bdsk-Url-1 = {https://doi.org/10.1007/JHEP02(2018)031}}

@article{Kant:2014oha,
	archiveprefix = {arXiv},
	author = {Kant, P. and Kind, O. M. and Kintscher, T.},
	doi = {10.1016/j.cpc.2015.02.001},
	eprint = {1406.4403},
	journal = {Comput. Phys. Commun.},
	pages = {74--89},
	primaryclass = {hep-ph},
	reportnumber = {HU-EP-14-22},
	title = {{HatHor for single top-quark production: Updated predictions and uncertainty estimates for single top-quark production in hadronic collisions}},
	volume = {191},
	year = {2015},
	Bdsk-Url-1 = {https://doi.org/10.1016/j.cpc.2015.02.001}}

@article{Aliev:2010zk,
	archiveprefix = {arXiv},
	author = {Aliev, M. and Lacker, H. and Langenfeld, U.},
	doi = {10.1016/j.cpc.2010.12.040},
	eprint = {1007.1327},
	journal = {Comput. Phys. Commun.},
	pages = {1034--1046},
	primaryclass = {hep-ph},
	reportnumber = {DESY-10-091, HU-EP-10-33, SFB-CPP-10-60},
	title = {{HATHOR: HAdronic Top and Heavy quarks crOss section calculatoR}},
	volume = {182},
	year = {2011},
	Bdsk-Url-1 = {https://doi.org/10.1016/j.cpc.2010.12.040}}

@Article{Lange:2001uf,
      author         = "Lange, D. J.",
      title          = "{The EvtGen particle decay simulation package}",
      booktitle      = "{Proceedings, 7th International Conference on B physics
                        at hadron machines (BEAUTY 2000)}",
      journal        = "Nucl. Instrum. Meth. A",
      volume         = "462",
      year           = "2001",
      pages          = "152",
      doi            = "10.1016/S0168-9002(01)00089-4",
      SLACcitation   = "%%CITATION = NUIMA,A462,152;%%"
}

@article{ATLAS:1999vwa,
	author = {Airapetian, A. and others},
	collaboration = {ATLAS},
	month = {5},
	reportnumber = {CERN-LHCC-99-15, ATLAS-TDR-15},
	title = {{ATLAS: Detector and physics performance technical design report. Volume 2}},
	year = {1999}}

@article{Erdmann_2014,
	author = {Johannes Erdmann and Stefan Guindon and Kevin Kr{\"o}ninger and Boris Lemmer and Olaf Nackenhorst and Arnulf Quadt and Philipp Stolte},
	doi = {10.1016/j.nima.2014.02.029},
	journal = {Nuclear Instruments and Methods in Physics Research Section A: Accelerators, Spectrometers, Detectors and Associated Equipment},
	month = {jun},
	pages = {18--25},
	publisher = {Elsevier {BV}},
	title = {A likelihood-based reconstruction algorithm for top-quark pairs and the {KLFitter} framework},
	url = {https://doi.org/10.1016%2Fj.nima.2014.02.029},
	volume = {748},
	year = 2014,
	Bdsk-Url-1 = {https://doi.org/10.1016%2Fj.nima.2014.02.029},
	Bdsk-Url-2 = {https://doi.org/10.1016/j.nima.2014.02.029}}

@article{Bayes:1764vd,
	author = {Bayes, Rev., Thomas},
	doi = {10.1098/rstl.1763.0053},
	journal = {Phil. Trans. Roy. Soc. Lond.},
	pages = {370--418},
	title = {{An essay toward solving a problem in the doctrine of chances}},
	volume = {53},
	year = {1764},
	Bdsk-Url-1 = {https://doi.org/10.1098/rstl.1763.0053}}

@article{Planck:2018vyg,
	archiveprefix = {arXiv},
	author = {Aghanim, N. and others},
	collaboration = {Planck},
	doi = {10.1051/0004-6361/201833910},
	eprint = {1807.06209},
	journal = {Astron. Astrophys.},
	note = {[Erratum: Astron.Astrophys. 652, C4 (2021)]},
	pages = {A6},
	primaryclass = {astro-ph.CO},
	title = {{Planck 2018 results. VI. Cosmological parameters}},
	volume = {641},
	year = {2020},
	Bdsk-Url-1 = {https://doi.org/10.1051/0004-6361/201833910}}

@article{MuLan:2010shf,
	archiveprefix = {arXiv},
	author = {Webber, D. M. and others},
	collaboration = {MuLan},
	doi = {10.1103/PhysRevLett.106.079901},
	eprint = {1010.0991},
	journal = {Phys. Rev. Lett.},
	pages = {041803},
	primaryclass = {hep-ex},
	title = {{Measurement of the Positive Muon Lifetime and Determination of the Fermi Constant to Part-per-Million Precision}},
	volume = {106},
	year = {2011},
	Bdsk-Url-1 = {https://doi.org/10.1103/PhysRevLett.106.079901}}

@article{Goldstone:1962es,
	author = {Goldstone, Jeffrey and Salam, Abdus and Weinberg, Steven},
	doi = {10.1103/PhysRev.127.965},
	journal = {Phys. Rev.},
	pages = {965--970},
	title = {{Broken Symmetries}},
	volume = {127},
	year = {1962},
	Bdsk-Url-1 = {https://doi.org/10.1103/PhysRev.127.965}}

@inproceedings{Skovpen:2018aoe,
	archiveprefix = {arXiv},
	author = {Skovpen, Kirill},
	booktitle = {{11th International Workshop on Top Quark Physics}},
	collaboration = {CMS},
	eprint = {1810.05715},
	month = {10},
	primaryclass = {hep-ex},
	title = {{First observation of the $\mathrm{t\bar{t}H}$ process at CMS}},
	year = {2018}}

@book{Streater:1989vi,
	author = {Streater, R. F. and Wightman, A. S.},
	isbn = {978-0-691-07062-9},
	title = {{PCT, spin and statistics, and all that}},
	year = {1989}}

@inproceedings{Giraldi:2022wkt,
	archiveprefix = {arXiv},
	author = {Giraldi, Angela},
	booktitle = {{10th Large Hadron Collider Physics Conference}},
	collaboration = {CMS},
	eprint = {2208.08209},
	month = {8},
	primaryclass = {hep-ex},
	title = {{$\mathrm{t\bar{t}H/tH}$ production at CMS}},
	year = {2022}}

@article{ATLAS:2018mme,
	archiveprefix = {arXiv},
	author = {Aaboud, M. and others},
	collaboration = {ATLAS},
	doi = {10.1016/j.physletb.2018.07.035},
	eprint = {1806.00425},
	journal = {Phys. Lett. B},
	pages = {173--191},
	primaryclass = {hep-ex},
	reportnumber = {CERN-EP-2018-138},
	title = {{Observation of Higgs boson production in association with a top quark pair at the LHC with the ATLAS detector}},
	volume = {784},
	year = {2018},
	Bdsk-Url-1 = {https://doi.org/10.1016/j.physletb.2018.07.035}}

@article{Ishii:2001hy,
	author = {Ishii, K.},
	collaboration = {ATLAS Muon},
	doi = {10.22323/1.007.0253},
	editor = {Horv\'ath, Dezs\~o and L\'evai, P\'eter and Patk\'os, Andr\'as},
	journal = {PoS},
	pages = {253},
	title = {{The ATLAS muon spectrometer}},
	volume = {HEP2001},
	year = {2001},
	Bdsk-Url-1 = {https://doi.org/10.22323/1.007.0253}}

@article{ATLAS:1997ad,
	collaboration = {ATLAS},
	month = {6},
	reportnumber = {CERN-LHCC-97-22, ATLAS-TDR-10},
	title = {{ATLAS muon spectrometer: Technical design report}},
	year = {1997}}

@book{CERN-LHCC-97-018,
	address = {Geneva},
	collaboration = {ATLAS Collaboration},
	publisher = {CERN},
	series = {Technical design report. ATLAS},
	title = {{ATLAS magnet system: Technical Design Report, 1}},
	url = {https://cds.cern.ch/record/338080},
	year = {1997},
	Bdsk-Url-1 = {https://cds.cern.ch/record/338080}}

@article{PhysRevLett.1.247,
	author = {Fazzini, T. and Fidecaro, G. and Merrison, A. W. and Paul, H. and Tollestrup, A. V.},
	doi = {10.1103/PhysRevLett.1.247},
	issue = {7},
	journal = {Phys. Rev. Lett.},
	month = {Oct},
	numpages = {0},
	pages = {247--249},
	publisher = {American Physical Society},
	title = {Electron Decay of the Pion},
	url = {https://link.aps.org/doi/10.1103/PhysRevLett.1.247},
	volume = {1},
	year = {1958},
	Bdsk-Url-1 = {https://link.aps.org/doi/10.1103/PhysRevLett.1.247},
	Bdsk-Url-2 = {https://doi.org/10.1103/PhysRevLett.1.247}}

@article{HASERT1973138,
	author = {Hasert, F. J. and others},
	collaboration = {Gargamelle Neutrino},
	doi = {10.1016/0370-2693(73)90499-1},
	journal = {Phys. Lett. B},
	pages = {138--140},
	title = {{Observation of Neutrino Like Interactions Without Muon Or Electron in the Gargamelle Neutrino Experiment}},
	volume = {46},
	year = {1973},
	Bdsk-Url-1 = {https://doi.org/10.1016/0370-2693(73)90499-1}}

@article{doi:10.1080/00107518608211015,
	author = {Peter M. Watkins},
	doi = {10.1080/00107518608211015},
	eprint = {https://doi.org/10.1080/00107518608211015},
	journal = {Contemporary Physics},
	number = {4},
	pages = {291-324},
	publisher = {Taylor & Francis},
	title = {Discovery of the W and 2 bosons},
	url = {https://doi.org/10.1080/00107518608211015},
	volume = {27},
	year = {1986},
	Bdsk-Url-1 = {https://doi.org/10.1080/00107518608211015}}

@inbook{TarekAbouelfadlMohamed2020,
	abstract = {The results in this thesis are based on pp collision data from the ATLAS experiment at the Large Hadron Collider (LHC). In this chapter, a brief introduction of the LHC and the ATLAS experiment is given with an emphasis on the detector systems most relevant for the analysis.},
	address = {Cham},
	author = {Tarek Abouelfadl Mohamed, Ahmed},
	booktitle = {Measurement of Higgs Boson Production Cross Sections in the Diphoton Channel: with the full ATLAS Run-2 Data and Constraints on Anomalous Higgs Boson Interactions},
	doi = {10.1007/978-3-030-59516-6_4},
	isbn = {978-3-030-59516-6},
	pages = {61--101},
	publisher = {Springer International Publishing},
	title = {The LHC and the ATLAS Experiment},
	url = {https://doi.org/10.1007/978-3-030-59516-6_4},
	year = {2020},
	Bdsk-Url-1 = {https://doi.org/10.1007/978-3-030-59516-6_4}}

@online{HyperPhysics_BagNodel,
	author = {{HyperPhysics Web Page}},
	title = {{Bag Model of Quark Confinement}},
	url = {http://hyperphysics.phy-astr.gsu.edu/hbase/Particles/qbag.html},
	urldate = {2022-02-04},
	year = 2022,
	Bdsk-Url-1 = {http://hyperphysics.phy-astr.gsu.edu/hbase/Particles/qbag.html}}

@article{Aguilar-Saavedra:2008quj,
	archiveprefix = {arXiv},
	author = {Aguilar-Saavedra, J. A.},
	doi = {10.1016/j.nuclphysb.2008.06.013},
	eprint = {0803.3810},
	journal = {Nucl. Phys. B},
	pages = {160--192},
	primaryclass = {hep-ph},
	title = {{Single top quark production at LHC with anomalous Wtb couplings}},
	volume = {804},
	year = {2008},
	Bdsk-Url-1 = {https://doi.org/10.1016/j.nuclphysb.2008.06.013}}

@online{ATLAS_Web_Detectors,
	author = {{ATLAS Experiment Web Page}},
	title = {{Detector and Technology}},
	url = {https://atlas.cern/discover/detector},
	urldate = {2022-02-02},
	year = 2022,
	Bdsk-Url-1 = {https://atlas.cern/discover/detector}}

@online{pdgTop,
	author = {{Particle Data Group Web Page}},
	title = {{top-quark Mass (Direct Measurements)}},
	url = {https://pdglive.lbl.gov/DataBlock.action?node=Q007TP},
	urldate = {2022-01-22},
	year = 2022,
	Bdsk-Url-1 = {https://pdglive.lbl.gov/DataBlock.action?node=Q007TP}}

@online{pdgXsecProton,
	author = {{Particle Data Group Web Page}},
	title = {{Data files and plots of cross-sections and related quantities for hadrons}},
	url = {https://pdg.lbl.gov/2021/hadronic-xsections/},
	urldate = {2022-02-08},
	year = 2022,
	Bdsk-Url-1 = {https://pdg.lbl.gov/2021/hadronic-xsections/}}

@online{pdgPi0,
	author = {{Particle Data Group Web Page}},
	title = {{$\pi^0$ Decay Modes}},
	url = {https://pdglive.lbl.gov/DataBlock.action?node=Q007TP},
	urldate = {2022-02-02},
	year = 2022,
	Bdsk-Url-1 = {https://pdglive.lbl.gov/DataBlock.action?node=Q007TP}}

@online{pdgHiggs,
	author = {{Particle Data Group Web Page}},
	title = {{Higgs-boson Mass}},
	url = {https://pdglive.lbl.gov/DataBlock.action?node=S126M},
	urldate = {2022-01-22},
	year = 2022,
	Bdsk-Url-1 = {https://pdglive.lbl.gov/DataBlock.action?node=S126M}}

@online{CERN_LHCG_centres,
	author = {{WLCG Web Page}},
	title = {{Tier centres}},
	url = {https://wlcg-public.web.cern.ch/tier-centres},
	urldate = {2022-01-31},
	year = 2022,
	Bdsk-Url-1 = {https://wlcg-public.web.cern.ch/tier-centres}}

@online{CERN_LHCG_locations,
	author = {{WLCG Web Page}},
	title = {{Resources}},
	url = {https://wlcg-public.web.cern.ch/resources},
	urldate = {2022-01-31},
	year = 2022,
	Bdsk-Url-1 = {https://wlcg-public.web.cern.ch/resources}}

@online{CERN_membersates,
	author = {{CERN Web Page}},
	title = {{Our Member States}},
	url = {https://home.web.cern.ch/about/who-we-are/our-governance/member-states},
	urldate = {2022-01-11},
	year = 2022,
	Bdsk-Url-1 = {https://home.web.cern.ch/about/who-we-are/our-governance/member-states}}

@online{CERN_LHC_web,
	author = {{CERN Web Page}},
	title = {{The Large Hadron Collider}},
	url = {https://home.cern/science/accelerators/large-hadron-collider},
	urldate = {2022-01-11},
	year = 2022,
	Bdsk-Url-1 = {https://home.cern/science/accelerators/large-hadron-collider}}

@online{etymology_web,
	author = {{Online Etymology Dictionary}},
	title = {{"Physics"}},
	url = {https://www.etymonline.com/word/physics},
	urldate = {2022-01-20},
	year = 2022,
	Bdsk-Url-1 = {https://www.etymonline.com/word/physics}}

@online{Greek_web,
	author = {{Perseus Digital Library}},
	title = {{"fusiko"}},
	url = {https://www.perseus.tufts.edu/hopper/text?doc=Perseus:text:1999.04.0057:entry=fusiko/s},
	urldate = {2022-01-20},
	year = 2022,
	Bdsk-Url-1 = {https://www.perseus.tufts.edu/hopper/text?doc=Perseus:text:1999.04.0057:entry=fusiko/s}}

@article{Wei:2020wtf,
	archiveprefix = {arXiv},
	author = {Wei, Jun-Jie and Wu, Xue-Feng},
	doi = {10.1088/1674-4527/20/12/206},
	eprint = {2006.09680},
	month = {6},
	primaryclass = {astro-ph.HE},
	title = {{Combined Limit on the Photon Mass with Nine Localized Fast Radio Bursts}},
	year = {2020},
	Bdsk-Url-1 = {https://doi.org/10.1088/1674-4527/20/12/206}}

@book{Singer_C,
	author = {Singer, C},
	note = {p. 35.},
	publisher = {Streeter Press},
	title = {{A Short History of Science to the Nineteenth Century}},
	year = {2008}}

@article{Ryutov:2007zz,
	author = {Ryutov, D. D.},
	doi = {10.1088/0741-3335/49/12B/S40},
	journal = {Plasma Phys. Control. Fusion},
	pages = {B429},
	title = {{Using Plasma Physics to Weigh the Photon}},
	volume = {49},
	year = {2007},
	Bdsk-Url-1 = {https://doi.org/10.1088/0741-3335/49/12B/S40}}

@book{taylor2010atomists,
	author = {Taylor, Christopher Charles Whiston and others},
	publisher = {University of Toronto Press},
	title = {The atomists, Leucippus and Democritus: fragments: a text and translation with a commentary},
	volume = {5},
	year = {2010}}

@article{Yndurain:1995uq,
	author = {Yndurain, F. J.},
	doi = {10.1016/0370-2693(94)01677-5},
	journal = {Phys. Lett. B},
	pages = {524--526},
	title = {{Limits on the mass of the gluon}},
	volume = {345},
	year = {1995},
	Bdsk-Url-1 = {https://doi.org/10.1016/0370-2693(94)01677-5}}

@article{ATLAS:2017rzl,
	archiveprefix = {arXiv},
	author = {Aaboud, Morad and others},
	collaboration = {ATLAS},
	doi = {10.1140/epjc/s10052-017-5475-4},
	eprint = {1701.07240},
	journal = {Eur. Phys. J. C},
	note = {[Erratum: Eur.Phys.J.C 78, 898 (2018)]},
	number = {2},
	pages = {110},
	primaryclass = {hep-ex},
	reportnumber = {CERN-EP-2016-305},
	title = {{Measurement of the $W$-boson mass in pp collisions at $\sqrt{s}=7$ TeV with the ATLAS detector}},
	volume = {78},
	year = {2018},
	Bdsk-Url-1 = {https://doi.org/10.1140/epjc/s10052-017-5475-4}}

@online{ARTEMISA,
	author = {{Artemisa}},
	title = {{ARTificial Environment for ML and Innovation in Scientific Advanced Computing}},
	url = {https://artemisa.ific.uv.es/web/},
	urldate = {2023-01-03},
	year = 2023,
	Bdsk-Url-1 = {https://artemisa.ific.uv.es/web/}}

@article{ATLAS:2022vym,
	archiveprefix = {arXiv},
	author = {Aad, Georges and others},
	collaboration = {ATLAS},
	doi = {10.1007/JHEP11(2022)040},
	eprint = {2202.11382},
	journal = {JHEP},
	pages = {040},
	primaryclass = {hep-ex},
	reportnumber = {CERN-EP-2021-263},
	title = {{Measurement of the polarisation of single top quarks and antiquarks produced in the t-channel at $ \sqrt{s} $ = 13 TeV and bounds on the tWb dipole operator from the ATLAS experiment}},
	volume = {11},
	year = {2022},
	Bdsk-Url-1 = {https://doi.org/10.1007/JHEP11(2022)040}}

@mastersthesis{Martinez-Agullo:2017lty,
	author = {Mart\'\i{}nez-Agull\'o, Pablo},
	month = {10},
	school = {Valencia U.},
	title = {{Optimisation of selection criteria of t-channel single-top-quark events at $\sqrt{s}$=13 TeV for studies of anomalous couplings in the $Wtb$ vertex}},
	year = {2017}}

@inproceedings{Komm:2014fca,
	archiveprefix = {arXiv},
	author = {Komm, Matthias},
	booktitle = {{7th International Workshop on Top Quark Physics}},
	collaboration = {CMS},
	eprint = {1412.0106},
	month = {11},
	primaryclass = {hep-ex},
	reportnumber = {CMS-CR-2014-430, CMS CR-2014/430},
	title = {{Measurement of Top-Quark Polarization in t-channel Single-Top Production}},
	year = {2014}}

@article{OPAL:2000ufp,
	archiveprefix = {arXiv},
	author = {Abbiendi, G. and others},
	collaboration = {OPAL},
	doi = {10.1007/s100520100627},
	eprint = {hep-ex/0012018},
	journal = {Eur. Phys. J. C},
	pages = {587--651},
	reportnumber = {CERN-EP-2000-148, OPAL-PR-328},
	title = {{Precise determination of the Z resonance parameters at LEP: 'Zedometry'}},
	volume = {19},
	year = {2001},
	Bdsk-Url-1 = {https://doi.org/10.1007/s100520100627}}

@article{Glashow:1970gm,
	author = {Glashow, S. L. and Iliopoulos, J. and Maiani, L.},
	doi = {10.1103/PhysRevD.2.1285},
	journal = {Phys. Rev. D},
	pages = {1285--1292},
	title = {{Weak Interactions with Lepton-Hadron Symmetry}},
	volume = {2},
	year = {1970},
	Bdsk-Url-1 = {https://doi.org/10.1103/PhysRevD.2.1285}}

@article{ALEPH:2005ab,
	archiveprefix = {arXiv},
	author = {Schael, S. and others},
	collaboration = {ALEPH, DELPHI, L3, OPAL, SLD, LEP Electroweak Working Group, SLD Electroweak Group, SLD Heavy Flavour Group},
	doi = {10.1016/j.physrep.2005.12.006},
	eprint = {hep-ex/0509008},
	journal = {Phys. Rept.},
	pages = {257--454},
	reportnumber = {SLAC-R-774},
	title = {{Precision electroweak measurements on the $Z$ resonance}},
	volume = {427},
	year = {2006},
	Bdsk-Url-1 = {https://doi.org/10.1016/j.physrep.2005.12.006}}

@book{leaman2002key,
	author = {Leaman, Oliver},
	publisher = {Routledge},
	title = {Key concepts in Eastern philosophy},
	year = {2002}}

@article{Weinberg:1977ma,
	author = {Weinberg, Steven},
	doi = {10.1103/PhysRevLett.40.223},
	journal = {Phys. Rev. Lett.},
	pages = {223--226},
	reportnumber = {HUTP-77/A074},
	title = {{A New Light Boson?}},
	volume = {40},
	year = {1978},
	Bdsk-Url-1 = {https://doi.org/10.1103/PhysRevLett.40.223}}

@article{Wilczek:1977pj,
	author = {Wilczek, Frank},
	doi = {10.1103/PhysRevLett.40.279},
	journal = {Phys. Rev. Lett.},
	pages = {279--282},
	reportnumber = {Print-77-0939 (COLUMBIA)},
	title = {{Problem of Strong $P$ and $T$ Invariance in the Presence of Instantons}},
	volume = {40},
	year = {1978},
	Bdsk-Url-1 = {https://doi.org/10.1103/PhysRevLett.40.279}}

@article{Noether1918,
	author = {Noether, E.},
	journal = {Nachrichten von der Gesellschaft der Wissenschaften zu G{\"o}ttingen, Mathematisch-Physikalische Klasse},
	language = {ger},
	pages = {235-257},
	title = {Invariante Variationsprobleme},
	url = {http://eudml.org/doc/59024},
	volume = {1918},
	year = {1918},
	Bdsk-Url-1 = {http://eudml.org/doc/59024}}

@inproceedings{steerenberg2019operation,
	author = {Steerenberg, Rende and others},
	booktitle = {10th International Particle Accelerator Conference},
	doi = {10.18429/JACoW-IPAC2019-MOPMP031},
	pages = {MOPMP031},
	title = {Operation and performance of the CERN Large Hadron Collider during proton Run 2},
	year = {2019},
	Bdsk-Url-1 = {https://doi.org/10.18429/JACoW-IPAC2019-MOPMP031}}

@article{PhysRevLett.13.321,
	author = {Englert, F. and Brout, R.},
	doi = {10.1103/PhysRevLett.13.321},
	issue = {9},
	journal = {Phys. Rev. Lett.},
	month = {Aug},
	numpages = {0},
	pages = {321--323},
	publisher = {American Physical Society},
	title = {Broken Symmetry and the Mass of Gauge Vector Mesons},
	url = {https://link.aps.org/doi/10.1103/PhysRevLett.13.321},
	volume = {13},
	year = {1964},
	Bdsk-Url-1 = {https://link.aps.org/doi/10.1103/PhysRevLett.13.321},
	Bdsk-Url-2 = {https://doi.org/10.1103/PhysRevLett.13.321}}

@article{PhysRevLett.13.508,
	author = {Higgs, Peter W.},
	doi = {10.1103/PhysRevLett.13.508},
	issue = {16},
	journal = {Phys. Rev. Lett.},
	month = {Oct},
	numpages = {0},
	pages = {508--509},
	publisher = {American Physical Society},
	title = {Broken Symmetries and the Masses of Gauge Bosons},
	url = {https://link.aps.org/doi/10.1103/PhysRevLett.13.508},
	volume = {13},
	year = {1964},
	Bdsk-Url-1 = {https://link.aps.org/doi/10.1103/PhysRevLett.13.508},
	Bdsk-Url-2 = {https://doi.org/10.1103/PhysRevLett.13.508}}

@article{PhysRevLett.13.585,
	author = {Guralnik, G. S. and Hagen, C. R. and Kibble, T. W. B.},
	doi = {10.1103/PhysRevLett.13.585},
	issue = {20},
	journal = {Phys. Rev. Lett.},
	month = {Nov},
	numpages = {0},
	pages = {585--587},
	publisher = {American Physical Society},
	title = {Global Conservation Laws and Massless Particles},
	url = {https://link.aps.org/doi/10.1103/PhysRevLett.13.585},
	volume = {13},
	year = {1964},
	Bdsk-Url-1 = {https://link.aps.org/doi/10.1103/PhysRevLett.13.585},
	Bdsk-Url-2 = {https://doi.org/10.1103/PhysRevLett.13.585}}

@article{LHCb:2015yax,
	archiveprefix = {arXiv},
	author = {Aaij, Roel and others},
	collaboration = {LHCb},
	doi = {10.1103/PhysRevLett.115.072001},
	eprint = {1507.03414},
	journal = {Phys. Rev. Lett.},
	pages = {072001},
	primaryclass = {hep-ex},
	reportnumber = {CERN-PH-EP-2015-153, LHCB-PAPER-2015-029},
	title = {{Observation of $J/\psi p$ Resonances Consistent with Pentaquark States in $\Lambda_b^0 \to J/\psi K^- p$ Decays}},
	volume = {115},
	year = {2015},
	Bdsk-Url-1 = {https://doi.org/10.1103/PhysRevLett.115.072001}}

@article{Greenberg:1964pe,
	author = {Greenberg, O. W.},
	doi = {10.1103/PhysRevLett.13.598},
	journal = {Phys. Rev. Lett.},
	pages = {598--602},
	title = {{Spin and Unitary Spin Independence in a Paraquark Model of Baryons and Mesons}},
	volume = {13},
	year = {1964},
	Bdsk-Url-1 = {https://doi.org/10.1103/PhysRevLett.13.598}}

@article{Steerenberg:2621245,
	author = {by Rende Steerenberg and Anais Schaeffer},
	month = {May},
	title = {{LHC Report: The LHC is full!}},
	url = {https://cds.cern.ch/record/2621245},
	year = {2018},
	Bdsk-Url-1 = {https://cds.cern.ch/record/2621245}}

@article{DECAMP1989519,
	author = {Decamp, D. and others},
	collaboration = {ALEPH},
	doi = {10.1016/0370-2693(89)90704-1},
	journal = {Phys. Lett. B},
	pages = {519--529},
	reportnumber = {CERN EP 89-132},
	title = {{Determination of the Number of Light Neutrino Species}},
	volume = {231},
	year = {1989},
	Bdsk-Url-1 = {https://doi.org/10.1016/0370-2693(89)90704-1}}

@article{20121_ATLAS_HiggsDiscovery,
	archiveprefix = {arXiv},
	author = {Aad, Georges and others},
	collaboration = {ATLAS},
	doi = {10.1016/j.physletb.2012.08.020},
	eprint = {1207.7214},
	journal = {Phys. Lett. B},
	pages = {1--29},
	primaryclass = {hep-ex},
	reportnumber = {CERN-PH-EP-2012-218},
	title = {{Observation of a new particle in the search for the Standard Model Higgs boson with the ATLAS detector at the LHC}},
	volume = {716},
	year = {2012},
	Bdsk-Url-1 = {https://doi.org/10.1016/j.physletb.2012.08.020}}

@article{201230_CMS_HiggsDiscovery,
	archiveprefix = {arXiv},
	author = {Chatrchyan, Serguei and others},
	collaboration = {CMS},
	doi = {10.1016/j.physletb.2012.08.021},
	eprint = {1207.7235},
	journal = {Phys. Lett. B},
	pages = {30--61},
	primaryclass = {hep-ex},
	reportnumber = {CMS-HIG-12-028, CERN-PH-EP-2012-220},
	title = {{Observation of a New Boson at a Mass of 125 GeV with the CMS Experiment at the LHC}},
	volume = {716},
	year = {2012},
	Bdsk-Url-1 = {https://doi.org/10.1016/j.physletb.2012.08.021}}

@article{CDF:2012jmx,
	archiveprefix = {arXiv},
	author = {Aaltonen, T. and others},
	collaboration = {CDF},
	doi = {10.1103/PhysRevLett.109.111802},
	eprint = {1207.1707},
	journal = {Phys. Rev. Lett.},
	pages = {111802},
	primaryclass = {hep-ex},
	reportnumber = {FERMILAB-PUB-12-361-E},
	title = {{Combined search for the standard model Higgs boson decaying to a bb pair using the full CDF data set}},
	volume = {109},
	year = {2012},
	Bdsk-Url-1 = {https://doi.org/10.1103/PhysRevLett.109.111802}}

@techreport{Lari:1069714,
	address = {Geneva},
	author = {Lari, L and Gaillard, H and Mertens, V},
	institution = {CERN},
	month = {Jun},
	reportnumber = {CERN-TS-2004-017},
	title = {{Scheduling the installation of the LHC injection lines}},
	url = {https://cds.cern.ch/record/1069714},
	year = {2004},
	Bdsk-Url-1 = {https://cds.cern.ch/record/1069714}}

@article{D0:2012jgw,
	archiveprefix = {arXiv},
	author = {Abazov, Victor Mukhamedovich and others},
	collaboration = {D0},
	doi = {10.1103/PhysRevLett.109.121802},
	eprint = {1207.6631},
	journal = {Phys. Rev. Lett.},
	pages = {121802},
	primaryclass = {hep-ex},
	reportnumber = {FERMILAB-PUB-12-406-E},
	title = {{Combined Search for the Standard Model Higgs Boson Decaying to $b \bar{b}$ Using the D0 Run II Data Set}},
	volume = {109},
	year = {2012},
	Bdsk-Url-1 = {https://doi.org/10.1103/PhysRevLett.109.121802}}

@article{BARR1993233_NA31,
	author = {Barr, G. D. and others},
	collaboration = {NA31},
	doi = {10.1016/0370-2693(93)91599-I},
	journal = {Phys. Lett. B},
	pages = {233--242},
	reportnumber = {CERN-PPE-93-168},
	title = {{A New measurement of direct CP violation in the neutral kaon system}},
	volume = {317},
	year = {1993},
	Bdsk-Url-1 = {https://doi.org/10.1016/0370-2693(93)91599-I}}

@article{Catherall_2017,
	author = {Catherall, R. and others},
	doi = {10.1088/1361-6471/aa7eba},
	journal = {J. Phys. G},
	number = {9},
	pages = {094002},
	title = {{The ISOLDE facility}},
	volume = {44},
	year = {2017},
	Bdsk-Url-1 = {https://doi.org/10.1088/1361-6471/aa7eba}}

@article{1999335NA48,
	archiveprefix = {arXiv},
	author = {Fanti, V. and others},
	collaboration = {NA48},
	doi = {10.1016/S0370-2693(99)01030-8},
	eprint = {hep-ex/9909022},
	journal = {Phys. Lett. B},
	pages = {335--348},
	reportnumber = {CERN-EP-99-114},
	title = {{A New measurement of direct CP violation in two pion decays of the neutral kaon}},
	volume = {465},
	year = {1999},
	Bdsk-Url-1 = {https://doi.org/10.1016/S0370-2693(99)01030-8}}

@article{Maury:1997lnx,
	author = {Maury, S.},
	doi = {10.1023/A:1012632812327},
	journal = {Hyperfine Interact.},
	number = {1-4},
	pages = {43--52},
	title = {{The Antiproton Decelerator: AD}},
	volume = {109},
	year = {1997},
	Bdsk-Url-1 = {https://doi.org/10.1023/A:1012632812327}}

@article{Alemany:2019vsk,
	archiveprefix = {arXiv},
	author = {Alemany, R. and others},
	editor = {Jaeckel, J. and Lamont, M. and Vall\'ee, C.},
	eprint = {1902.00260},
	month = {2},
	primaryclass = {hep-ex},
	reportnumber = {CERN-PBC-REPORT-2018-003},
	title = {{Summary Report of Physics Beyond Colliders at CERN}},
	year = {2019}}

@article{AGUILAR2002331,
	author = {Aguilar, M. and others},
	collaboration = {AMS},
	doi = {10.1016/S0370-1573(02)00013-3},
	journal = {Phys. Rept.},
	note = {[Erratum: Phys.Rept. 380, 97--98 (2003)]},
	pages = {331--405},
	title = {{The Alpha Magnetic Spectrometer (AMS) on the International Space Station. I: Results from the test flight on the space shuttle}},
	volume = {366},
	year = {2002},
	Bdsk-Url-1 = {https://doi.org/10.1016/S0370-1573(02)00013-3}}

@article{Awake_201676,
	archiveprefix = {arXiv},
	author = {Gschwendtner, E. and others},
	collaboration = {AWAKE},
	doi = {10.1016/j.nima.2016.02.026},
	editor = {Dorda, Ulrich and Assmann, Ralph and Grebenyuk, Julia and Bernhard, Holzer and Massimo, Ferrario and Andrei, Seryi and Arnd, Specka and Alban, Mosnier and Jens, Osterhoff},
	eprint = {1512.05498},
	journal = {Nucl. Instrum. Meth. A},
	pages = {76--82},
	primaryclass = {physics.acc-ph},
	title = {{AWAKE, The Advanced Proton Driven Plasma Wakefield Acceleration Experiment at CERN}},
	volume = {829},
	year = {2016},
	Bdsk-Url-1 = {https://doi.org/10.1016/j.nima.2016.02.026}}

@article{BAUR1996251,
	author = {Baur, G. and others},
	doi = {10.1016/0370-2693(96)00005-6},
	journal = {Phys. Lett. B},
	pages = {251--258},
	reportnumber = {PRINT-96-011 (JULICH)},
	title = {{Production of anti--hydrogen}},
	volume = {368},
	year = {1996},
	Bdsk-Url-1 = {https://doi.org/10.1016/0370-2693(96)00005-6}}

@article{LHCf:2008lfy,
	author = {Adriani, O. and others},
	collaboration = {LHCf},
	doi = {10.1088/1748-0221/3/08/S08006},
	journal = {JINST},
	pages = {S08006},
	title = {{The LHCf detector at the CERN Large Hadron Collider}},
	volume = {3},
	year = {2008},
	Bdsk-Url-1 = {https://doi.org/10.1088/1748-0221/3/08/S08006}}

@techreport{Berners-Lee:2639699,
	address = {Geneva},
	author = {Berners-Lee, Timothy J and Cailliau, Robert},
	institution = {CERN},
	month = {Nov},
	title = {{WorldWideWeb: proposal for a HyperText Project}},
	url = {https://cds.cern.ch/record/2639699},
	year = {1990},
	Bdsk-Url-1 = {https://cds.cern.ch/record/2639699}}

@article{Long:2020wfp,
	archiveprefix = {arXiv},
	author = {Long, K. and Lucchesi, D. and Palmer, M. and Pastrone, N. and Schulte, D. and Shiltsev, V.},
	doi = {10.1038/s41567-020-01130-x},
	eprint = {2007.15684},
	journal = {Nature Phys.},
	number = {3},
	pages = {289--292},
	primaryclass = {physics.acc-ph},
	reportnumber = {FERMILAB-PUB-20-366-AD-APC},
	title = {{Muon colliders to expand frontiers of particle physics}},
	volume = {17},
	year = {2021},
	Bdsk-Url-1 = {https://doi.org/10.1038/s41567-020-01130-x}}

@article{ATLAS:2019fst,
	archiveprefix = {arXiv},
	author = {Aad, Georges and others},
	collaboration = {ATLAS},
	doi = {10.1088/1748-0221/15/04/P04003},
	eprint = {1911.04632},
	journal = {JINST},
	number = {04},
	pages = {P04003},
	primaryclass = {physics.ins-det},
	reportnumber = {CERN-EP-2019-207},
	title = {{ATLAS data quality operations and performance for 2015\textendash{}2018 data-taking}},
	volume = {15},
	year = {2020},
	Bdsk-Url-1 = {https://doi.org/10.1088/1748-0221/15/04/P04003}}

@article{ATLAS:2016fhk,
	archiveprefix = {arXiv},
	author = {Aaboud, Morad and others},
	collaboration = {ATLAS},
	doi = {10.1140/epjc/s10052-016-4466-1},
	eprint = {1608.03953},
	journal = {Eur. Phys. J. C},
	number = {12},
	pages = {653},
	primaryclass = {hep-ex},
	reportnumber = {CERN-EP-2016-117},
	title = {{Luminosity determination in pp collisions at $\sqrt{s}$ = 8 TeV using the ATLAS detector at the LHC}},
	volume = {76},
	year = {2016},
	Bdsk-Url-1 = {https://doi.org/10.1140/epjc/s10052-016-4466-1}}

@inproceedings{Hoecker:2016vvy,
	archiveprefix = {arXiv},
	author = {Hoecker, Andreas},
	booktitle = {{2016 European School of High-Energy Physics}},
	eprint = {1611.07864},
	month = {11},
	primaryclass = {hep-ex},
	title = {{Physics at the LHC Run-2 and Beyond}},
	year = {2016}}

@article{Herr:941318,
	author = {Herr, Werner and Muratori, B},
	doi = {10.5170/CERN-2006-002.361},
	title = {{Concept of luminosity}},
	url = {http://cds.cern.ch/record/941318},
	year = {2006},
	Bdsk-Url-1 = {http://cds.cern.ch/record/941318},
	Bdsk-Url-2 = {https://doi.org/10.5170/CERN-2006-002.361}}

@article{Radiofrequency:1997424,
	month = {Sep},
	title = {{Radiofrequency cavities}},
	url = {https://cds.cern.ch/record/1997424},
	year = {2012},
	Bdsk-Url-1 = {https://cds.cern.ch/record/1997424}}

@article{LHC_CernCouncil_Experiments,
	note = {Issued on 19 December 1991},
	pages = {3 p},
	reportnumber = {CERN-PR-91-10-EN},
	title = {{CERN Council holds special session on the Large Hadron Collider project}},
	url = {https://cds.cern.ch/record/859552},
	year = {1991},
	Bdsk-Url-1 = {https://cds.cern.ch/record/859552}}

@article{PhysRevD.103.055008,
	author = {Das Bakshi, Supratim and Chakrabortty, Joydeep and Englert, Christoph and Spannowsky, Michael and Stylianou, Panagiotis},
	doi = {10.1103/PhysRevD.103.055008},
	issue = {5},
	journal = {Phys. Rev. D},
	month = {Mar},
	numpages = {13},
	pages = {055008},
	publisher = {American Physical Society},
	title = {$CP$ violation at ATLAS in effective field theory},
	url = {https://link.aps.org/doi/10.1103/PhysRevD.103.055008},
	volume = {103},
	year = {2021},
	Bdsk-Url-1 = {https://link.aps.org/doi/10.1103/PhysRevD.103.055008},
	Bdsk-Url-2 = {https://doi.org/10.1103/PhysRevD.103.055008}}

@article{Carlson:2727868,
	author = {Carlson, Benjamin Taylor},
	collaboration = {ATLAS Collaboration},
	month = {Aug},
	title = {{Dark Matter searches with the ATLAS detector}},
	url = {https://cds.cern.ch/record/2727868},
	year = {2020},
	Bdsk-Url-1 = {https://cds.cern.ch/record/2727868}}

@article{ATLAS:2009sdo,
	author = {Brett, N. D. and others},
	collaboration = {ATLAS},
	month = {5},
	reportnumber = {ATL-PHYS-PUB-2009-074, ATL-COM-PHYS-2009-097},
	title = {{Discovery Reach for Black Hole Production}},
	year = {2009}}

@article{ATLAS:2014jzl,
	archiveprefix = {arXiv},
	author = {Aad, Georges and others},
	collaboration = {ATLAS},
	doi = {10.1103/PhysRevLett.113.141803},
	eprint = {1405.6241},
	journal = {Phys. Rev. Lett.},
	number = {14},
	pages = {141803},
	primaryclass = {hep-ex},
	reportnumber = {CERN-PH-EP-2014-079},
	title = {{Evidence for Electroweak Production of $W^{\pm}W^{\pm}jj$ in $pp$ Collisions at $\sqrt{s}=8$ TeV with the ATLAS Detector}},
	volume = {113},
	year = {2014},
	Bdsk-Url-1 = {https://doi.org/10.1103/PhysRevLett.113.141803}}

@article{ATLAS:2018kot,
	archiveprefix = {arXiv},
	author = {Aaboud, Morad and others},
	collaboration = {ATLAS},
	doi = {10.1016/j.physletb.2018.09.013},
	eprint = {1808.08238},
	journal = {Phys. Lett. B},
	pages = {59--86},
	primaryclass = {hep-ex},
	reportnumber = {CERN-EP-2018-215},
	title = {{Observation of $H \rightarrow b\bar{b}$ decays and $VH$ production with the ATLAS detector}},
	volume = {786},
	year = {2018},
	Bdsk-Url-1 = {https://doi.org/10.1016/j.physletb.2018.09.013}}

@movie{Shreck,
	director = {Adamson, A. and Jenson, V.},
	producer = {Warner, A. and Williams. J.},
	publisher = {DreamWorks Distribution},
	title = {Shrek},
	year = {2001}}

@article{ATLAS:2017fak,
	archiveprefix = {arXiv},
	author = {Aaboud, Morad and others},
	collaboration = {ATLAS},
	doi = {10.1103/PhysRevD.97.072016},
	eprint = {1712.08895},
	journal = {Phys. Rev. D},
	number = {7},
	pages = {072016},
	primaryclass = {hep-ex},
	reportnumber = {CERN-EP-2017-291},
	title = {{Search for the standard model Higgs boson produced in association with top quarks and decaying into a $b\bar{b}$ pair in $pp$ collisions at $\sqrt{s}$ = 13 TeV with the ATLAS detector}},
	volume = {97},
	year = {2018},
	Bdsk-Url-1 = {https://doi.org/10.1103/PhysRevD.97.072016}}

@article{ATLAS:2017fur,
	archiveprefix = {arXiv},
	author = {Aaboud, Morad and others},
	collaboration = {ATLAS},
	doi = {10.1038/nphys4208},
	eprint = {1702.01625},
	journal = {Nature Phys.},
	number = {9},
	pages = {852--858},
	primaryclass = {hep-ex},
	reportnumber = {CERN-EP-2016-316},
	title = {{Evidence for light-by-light scattering in heavy-ion collisions with the ATLAS detector at the LHC}},
	volume = {13},
	year = {2017},
	Bdsk-Url-1 = {https://doi.org/10.1038/nphys4208}}

@article{ATLAS:2016neq,
	archiveprefix = {arXiv},
	author = {Aad, Georges and others},
	collaboration = {ATLAS, CMS},
	doi = {10.1007/JHEP08(2016)045},
	eprint = {1606.02266},
	journal = {JHEP},
	pages = {045},
	primaryclass = {hep-ex},
	reportnumber = {CERN-EP-2016-100, ATLAS-HIGG-2015-07, CMS-HIG-15-002},
	title = {{Measurements of the Higgs boson production and decay rates and constraints on its couplings from a combined ATLAS and CMS analysis of the LHC pp collision data at $ \sqrt{s}=7 $ and 8 TeV}},
	volume = {08},
	year = {2016},
	Bdsk-Url-1 = {https://doi.org/10.1007/JHEP08(2016)045}}

@article{ATLAS:2010zaw,
	archiveprefix = {arXiv},
	author = {Aad, Georges and others},
	collaboration = {ATLAS},
	doi = {10.1140/epjc/s10052-011-1577-6},
	eprint = {1012.1792},
	journal = {Eur. Phys. J. C},
	pages = {1577},
	primaryclass = {hep-ex},
	reportnumber = {CERN-PH-EP-2010-064},
	title = {{Measurement of the top quark-pair production cross section with ATLAS in pp collisions at $\sqrt{s}=7$ TeV}},
	volume = {71},
	year = {2011},
	Bdsk-Url-1 = {https://doi.org/10.1140/epjc/s10052-011-1577-6}}

@article{ZurbanoFernandez:2020cco,
	author = {Zurbano Fernandez, I. and others},
	doi = {10.23731/CYRM-2020-0010},
	editor = {B\'ejar Alonso, I. and Br\"uning, O. and Fessia, P. and Rossi, L. and Tavian, L. and Zerlauth, M.},
	month = {12},
	reportnumber = {CERN-2020-010},
	title = {{High-Luminosity Large Hadron Collider (HL-LHC): Technical design report}},
	volume = {10/2020},
	year = {2020},
	Bdsk-Url-1 = {https://doi.org/10.23731/CYRM-2020-0010}}

@techreport{JimenezPena:2811385,
	address = {Geneva},
	author = {Jimenez Pena, Javier and Nellist, Clara},
	institution = {CERN},
	note = {All figures including auxiliary figures are available at https://atlas.web.cern.ch/Atlas/GROUPS/PHYSICS/PUBNOTES/ATL-PHYS-PUB-2022-032},
	reportnumber = {ATL-COM-PHYS-2022-462},
	title = {{Top quark mass summary plots June 2022}},
	url = {https://cds.cern.ch/record/2811385},
	year = {2022},
	Bdsk-Url-1 = {https://cds.cern.ch/record/2811385}}

@article{UA2:1983tsx_Wpm,
	author = {Banner, M. and others},
	collaboration = {UA2},
	doi = {10.1016/0370-2693(83)91605-2},
	journal = {Phys. Lett. B},
	pages = {476--485},
	reportnumber = {CERN-EP-83-25},
	title = {{Observation of Single Isolated Electrons of High Transverse Momentum in Events with Missing Transverse Energy at the CERN anti-p p Collider}},
	volume = {122},
	year = {1983},
	Bdsk-Url-1 = {https://doi.org/10.1016/0370-2693(83)91605-2}}

@article{UA1:1983mne_z0,
	author = {Arnison, G. and others},
	collaboration = {UA1},
	doi = {10.1016/0370-2693(83)90188-0},
	journal = {Phys. Lett. B},
	pages = {398--410},
	reportnumber = {CERN-EP-83-73},
	title = {{Experimental Observation of Lepton Pairs of Invariant Mass Around 95-GeV/c**2 at the CERN SPS Collider}},
	volume = {126},
	year = {1983},
	Bdsk-Url-1 = {https://doi.org/10.1016/0370-2693(83)90188-0}}

@article{Pinfold:2008zza,
	author = {Pinfold, James L.},
	collaboration = {ATLAS},
	doi = {10.1016/j.nuclphysbps.2007.10.004},
	editor = {Cheng, Kwong Sang and Engel, Ralph and Pattison, Bryan and Ma, Yuqian and Yao, Zhiguo and Zhu, Qingqi},
	journal = {Nucl. Phys. B Proc. Suppl.},
	pages = {25--32},
	title = {{ATLAS and astroparticle physics}},
	volume = {175-176},
	year = {2008},
	Bdsk-Url-1 = {https://doi.org/10.1016/j.nuclphysbps.2007.10.004}}

@techreport{Amoroso:2709980,
	address = {Geneva},
	author = {Amoroso, Simone},
	collaboration = {ATLAS Collaboration, CMS Collaboration},
	doi = {10.22323/1.375.0001},
	institution = {CERN},
	month = {Feb},
	reportnumber = {ATL-PHYS-PROC-2020-014},
	title = {{Precision measurements at the LHC}},
	url = {https://cds.cern.ch/record/2709980},
	year = {2020},
	Bdsk-Url-1 = {https://cds.cern.ch/record/2709980},
	Bdsk-Url-2 = {https://doi.org/10.22323/1.375.0001}}

@techreport{Pacey:2789157,
	address = {Geneva},
	author = {Pacey, Holly},
	collaboration = {ATLAS Collaboration},
	institution = {CERN},
	month = {Nov},
	reportnumber = {ATL-PHYS-PROC-2021-091},
	title = {{EW SUSY Production at the LHC}},
	url = {http://cds.cern.ch/record/2789157},
	year = {2021},
	Bdsk-Url-1 = {http://cds.cern.ch/record/2789157}}

@book{ATLAS_TechnicalProposal,
	address = {Geneva},
	collaboration = {ATLAS Collaboration},
	publisher = {CERN},
	series = {LHC technical proposal},
	title = {{ATLAS: technical proposal for a general-purpose pp experiment at the Large Hadron Collider at CERN}},
	url = {https://cds.cern.ch/record/290968},
	year = {1994},
	Bdsk-Url-1 = {https://cds.cern.ch/record/290968}}

@unpublished{collaboration:1228300,
	author = {ATLAS collaboration},
	month = {Dec},
	title = {{First 2.36 TeV Collision Events recorded by the ATLAS experiment, December 8th and 14th, 2009}},
	url = {https://cds.cern.ch/record/1228300},
	year = {2009},
	Bdsk-Url-1 = {https://cds.cern.ch/record/1228300}}

@inproceedings{ascot1992eagle,
	author = {ASCOT, CMS},
	booktitle = {Expressions of Interest presented at the General Meeting on LHC Physics and Detectors},
	number = {8},
	title = {EAGLE and L3/LHC Collaborations},
	volume = {5},
	year = {1992}}

@article{Norton:1076511,
	author = {Norton, Peter R},
	note = {Conference : Towards the LHC experimental programme : General Meeting on LHC Physics and Detectors, Evian-les-Bains, France, 5 - 8 Mar 1992},
	pages = {40 p},
	title = {{The ASCOT detector at the LHC: expression of interest}},
	url = {https://cds.cern.ch/record/1076511},
	year = {1992},
	Bdsk-Url-1 = {https://cds.cern.ch/record/1076511}}

@article{ATLAS:2010arf,
	archiveprefix = {arXiv},
	author = {Aad, G. and others},
	collaboration = {ATLAS},
	doi = {10.1140/epjc/s10052-010-1429-9},
	eprint = {1005.4568},
	journal = {Eur. Phys. J. C},
	pages = {823--874},
	primaryclass = {physics.ins-det},
	title = {{The ATLAS Simulation Infrastructure}},
	volume = {70},
	year = {2010},
	Bdsk-Url-1 = {https://doi.org/10.1140/epjc/s10052-010-1429-9}}

@article{GEANT4:2002zbu,
	author = {Agostinelli, S. and others},
	collaboration = {GEANT4},
	doi = {10.1016/S0168-9002(03)01368-8},
	journal = {Nucl. Instrum. Meth. A},
	pages = {250--303},
	reportnumber = {SLAC-PUB-9350, FERMILAB-PUB-03-339, CERN-IT-2002-003},
	title = {{GEANT4--a simulation toolkit}},
	volume = {506},
	year = {2003},
	Bdsk-Url-1 = {https://doi.org/10.1016/S0168-9002(03)01368-8}}

@article{Frixione:2007vw,
	archiveprefix = {arXiv},
	author = {Frixione, Stefano and Nason, Paolo and Oleari, Carlo},
	doi = {10.1088/1126-6708/2007/11/070},
	eprint = {0709.2092},
	journal = {JHEP},
	pages = {070},
	primaryclass = {hep-ph},
	reportnumber = {BICOCCA-FT-07-9, GEF-TH-21-2007},
	title = {{Matching NLO QCD computations with Parton Shower simulations: the POWHEG method}},
	volume = {11},
	year = {2007},
	Bdsk-Url-1 = {https://doi.org/10.1088/1126-6708/2007/11/070}}

@article{Artoisenet:2012st,
      author         = "Artoisenet, Pierre and Frederix, Rikkert and Mattelaer,
                        Olivier and Rietkerk, Robbert",
      title          = "{Automatic spin-entangled decays of heavy resonances in
                        Monte Carlo simulations}",
      journal        = "JHEP",
      volume         = "03",
      pages          = "015",
      doi            = "10.1007/JHEP03(2013)015",
      year           = "2013",
      eprint         = "1212.3460",
      archivePrefix  = "arXiv",
      primaryClass   = "hep-ph",
      reportNumber   = "NIKHEF-2012-021, CERN-PH-TH-2012-329",
      SLACcitation   = "%%CITATION = ARXIV:1212.3460;%%",
}


@article{NNPDF:2014otw,
	archiveprefix = {arXiv},
	author = {Ball, Richard D. and others},
	collaboration = {NNPDF},
	doi = {10.1007/JHEP04(2015)040},
	eprint = {1410.8849},
	journal = {JHEP},
	pages = {040},
	primaryclass = {hep-ph},
	reportnumber = {EDINBURGH-2014-15, IFUM-1034-FT, CERN-PH-TH-2013-253, OUTP-14-11P, CAVENDISH-HEP-14-11},
	title = {{Parton distributions for the LHC Run II}},
	volume = {04},
	year = {2015},
	Bdsk-Url-1 = {https://doi.org/10.1007/JHEP04(2015)040}}

@article{Gleisberg:2008ta,
	author = {Gleisberg, T. and Hoeche, Stefan. and Krauss, F. and Schonherr, M. and Schumann, S. and Siegert, F. and Winter, J.},
	doi = {10.1088/1126-6708/2009/02/007},
	eprint = {0811.4622},
	journal = {JHEP},
	pages = {007},
	primaryclass = {hep-ph},
	reportnumber = {FERMILAB-PUB-08-477-T, SLAC-PUB-13420, ZU-TH-17-08, DCPT-08-138, IPPP-08-69, EDINBURGH-2008-30, MCNET-08-14},
	title = {{Event generation with SHERPA 1.1}},
	volume = {02},
	year = {2009},
	archiveprefix = {arXiv},
	Bdsk-Url-1 = {https://doi.org/10.1088/1126-6708/2009/02/007}}

@techreport{Capeans:1291633,
	author = {Capeans, M and Darbo, G and Einsweiller, K and Elsing, M and Flick, T and Garcia-Sciveres, M and Gemme, C and Pernegger, H and Rohne, O and Vuillermet, R},
	collaboration = {ATLAS Collaboration},
	month = {Sep},
	reportnumber = {CERN-LHCC-2010-013, ATLAS-TDR-19},
	title = {{ATLAS Insertable B-Layer Technical Design Report}},
	url = {https://cds.cern.ch/record/1291633},
	year = {2010},
	Bdsk-Url-1 = {https://cds.cern.ch/record/1291633}}

@article{Czakon_2020,
	author = {Micha{\l} Czakon and Andrea Ferroglia},
	doi = {10.1088/1674-1137/44/8/083104},
	journal = {Chinese Physics C},
	month = {aug},
	number = {8},
	pages = {083104},
	publisher = {{IOP} Publishing},
	title = {Top quark pair production at complete {NLO} accuracy with {NNLO} $+{NNLL}$ corrections in {QCD}},
	url = {https://doi.org/10.1088/1674-1137/44/8/083104},
	volume = {44},
	year = 2020,
	Bdsk-Url-1 = {https://doi.org/10.1088/1674-1137/44/8/083104}}
